1809 2950
184 177 317 240 ἝῌἮΙ
333 179 471 234 Loxm.
491 177 551 232 Cra.
564 185 610 233 85·
679 189 730 240 2565

55 309 115 358 dun
124 315 245 356 munstur
254 307 368 356 Hannibal
383 309 500 356 demittere
515 323 596 370 agmen
611 310 634 356 in
644 325 732 387 angus-t

56 366 118 430 tias3
139 375 194 434 quia
207 387 261 426 nou,
277 382 303 420 ut
317 375 365 435 ipse
381 374 490 434 equitibus
508 374 610 435 praesidio
626 383 680 428 erat,
698 379 731 424 ita

57 438 171 501 peditibus
179 438 297 498 quidquam
308 439 335 483 ab
344 446 410 498 tergo
417 439 493 484 auxilii
501 437 634 496 reliquerat,
651 455 729 485 occur-

59 510 139 549 santes
154 516 195 563 per
209 502 298 562 obliqua
309 502 415 553 montani,
427 509 532 562 perrupto
548 502 620 547 medio
631 504 728 563 agmine,

60 568 122 612 viam
138 564 255 612 medere:
274 580 363 625 noxque
374 581 418 612 una
429 565 551 612 Hannibali
562 566 609 611 sine
620 567 728 627 equitibus
798 555 811 580 ³

62 639 131 690 atque
141 630 304 690 impedimentis
314 637 412 676 sctaest.

96 691 207 740 XXXV.
227 692 322 739 Postero
329 694 372 746 die,
379 696 426 754 Jam
435 695 527 756 segnius
534 694 730 741 intercursantibus

62 759 175 811 barbaris..
186 759 274 819 junetae
294 759 371 818 copie,
394 759 507 818 saltusque
524 759 583 805 haud
602 761 649 805 sine
667 757 734 804 clade¹

63 824 161 886 (majore
182 829 257 868 umen
271 823 431 882 jumentorum,
451 838 518 882 quam
536 823 658 877 hominum,
678 838 730 884 per-

63 885 132 945 nicie)
150 893 282 946 superatus:
308 886 360 931 inde
382 887 482 932 montani
499 888 612 948 pauciores
627 890 681 950 jam,
705 895 731 942 et

64 951 175 998 htrocinii
185 950 257 1010 magu
266 964 333 1009 quam
340 950 391 995 belli
399 964 469 1002 more,
478 953 650 1008 concursabant,
661 952 730 998 modo

62 1014 87 1062 in
102 1014 209 1075 primum,
225 1014 313 1059 modo
307 1028 330 1059 m
347 1014 494 1059 novissimum
510 1029 597 1074 agmen,
609 1023 730 1076 utcumque

62 1087 102 1141 aut
111 1079 177 1124 loeus
189 1079 376 1138 opportunitatem
386 1078 454 1129 daret,
475 1085 513 1124 aut
529 1080 639 1139 progressi
656 1094 730 1126 mora·

63 1136 110 1189 live
123 1142 221 1201 aliquam
236 1142 375 1188 occasionem
388 1141 500 1187 fecissent.
534 1141 660 1202 Elephanti,
673 1145 731 1190 sicut

62 1206 190 1270 praecipites
199 1221 239 1266 per
249 1213 320 1252 arctas
330 1207 378 1252 vias
391 1203 474 1266 magni
488 1220 551 1251 mora
538 1203 687 1267 agebmtur,
699 1208 732 1256 ita

62 1279 139 1346 tutum
150 1271 179 1315 ab
191 1270 299 1322 hostibus,
309 1268 453 1330 quicumque
467 1270 600 1323 incederent,
617 1271 701 1332 (quia
695 1286 731 1316 m-

64 1333 239 1382 metisadetmdi
250 1335 340 1396 propius
350 1341 423 1380 metus
433 1331 491 1392 erat)
503 1348 584 1394 agmen
593 1335 727 1409 praebebant.

65 1395 185 1450 Nonodie
194 1398 218 1442 in
224 1400 306 1460 jugum
316 1398 409 1458 Alpium
418 1405 550 1459 perventum
563 1405 606 1450 est,
622 1413 660 1458 per
670 1398 731 1443 invia

64 1463 178 1527 pleraqw
190 1469 213 1508 et
223 1477 315 1515 errores,
327 1477 384 1524 quos
397 1469 436 1509 aut
452 1461 579 1508 ducentium
597 1459 665 1517 fraus,
683 1468 729 1515 aut,

67 1529 105 1575 ubi
115 1528 194 1574 tides
180 1542 208 1573 us
220 1541 265 1573 non
275 1534 341 1580 esset,
353 1533 437 1573 temere
450 1526 513 1571 initae
529 1525 599 1571 valles
612 1540 626 1569 ι
642 1527 732 1587 conjec-

69 1593 165 1649 tantibus
177 1592 226 1643 iter,
238 1590 354 1637 iaciebant
388 1589 503 1635 Biduum'
497 1603 521 1635 m
530 1590 587 1649 jugo
599 1589 678 1635 stativa
692 1590 733 1635 ha·

66 1657 127 1705 bita.
145 1655 253 1715 fessisque
262 1655 336 1704 labore
351 1670 378 1701 se
393 1652 514 1715 pugnando
524 1653 586 1712 quies
595 1653 646 1699 data
656 1653 733 1699 militi

68 1720 291 1782 bruniamentaque
306 1720 397 1779 aliquot,
417 1733 468 1793 quae
484 1717 607 1795 prolapsa'
601 1732 624 1763 m
642 1718 731 1779 rupibus

68 1792 139 1838 erant,
153 1784 265 1843 sequendo
275 1783 370 1845 vestigia
380 1782 476 1844 agminis
486 1782 510 1827 ln
520 1788 591 1828 casua
601 1780 728 1843 pervenere.

70 1848 146 1901 Fessia
156 1848 224 1895 tedio
233 1854 269 1893 tot
275 1849 384 1894 malorum
394 1846 452 1893 uiris
460 1847 526 1893 etiarn
534 1861 605 1900 casus,
617 1847 733 1894 occidente

130 1913 202 1959 sidem
211 1911 369 1974 Vergssiarum
386 1912 501 1973 ingentem
520 1917 626 1957 terrorem
643 1912 677 1974 adj
678 1912 729 1959 ecit.

65 1929 115 2025 {lei
125 1977 200 2023 omnia
208 1976 261 2023 nive
271 1977 365 2038 oppleta,
374 1990 433 2028 οιηιι,
442 1976 512 2037 signia
519 1974 590 2037 primi
599 1977 648 2023 luce
656 1928 733 2029 nimis,

69 2042 167 2104 seguiter
176 2055 258 2103 agmen
268 2040 386 2092 incederet,
396 2040 527 2101 pigritiaque
538 2048 561 2086 et
572 2040 693 2103 desperatio
708 2042 732 2085 in

69 2106 168 2153 omnium
179 2105 243 2151 vultu
253 2104 373 2161 emineret3
388 2118 526 2165 praegressus
540 2105 604 2165 signa
618 2104 735 2151 Hannibal

70 2171 94 2217 in
103 2169 265 2245 promontorio
262 2169 366 2229 quodam,
377 2168 437 2214 unde
446 2169 515 2229 longe
529 2183 554 2214 ac
570 2169 615 2214 late
628 2183 733 2229 prospec-

72 2243 108 2282 tus
125 2241 180 2286 crat,
204 2233 325 2279 condstere
340 2233 410 2295 jussis
428 2234 533 2279 militibus
551 2230 638 2276 ltaliam
657 2238 735 2276 osten·

71 2305 112 2354 tat,
133 2298 287 2360 subjectosque
307 2297 396 2358 Alpinis
416 2297 528 2342 montibus
543 2292 733 2354 Circumpadanos

237 2361 362 2421 moeniaque
381 2368 489 2407 costum
509 2357 663 2403 transcendere
686 2364 752 2403 non¹

72 2369 228 2479 martiali,
240 2425 280 2472 aed
288 2426 355 2471 etiam
365 2425 424 2471 urbis
432 2424 556 2471 Romanae:
570 2427 650 2467 caetera
660 2420 732 2481 plana,

72 2488 247 2552 proclivisfore:
266 2504 318 2543 uno,
335 2496 374 2535 aut
389 2501 502 2534 summum
517 2484 586 2531 altero
602 2484 680 2546 proelio
697 2499 734 2530 sr-

73 2569 122 2606 sem
131 2561 156 2600 et
164 2561 232 2616 eaput
241 2551 330 2600 Iulia·
323 2567 348 2598 ιη
360 2567 429 2599 manu
439 2566 465 2614 ac
475 2555 584 2612 potestate
593 2546 733 2595 habituros.'’

74 2614 198 2664 Procedens
208 2617 259 2664 inde
269 2631 350 2678 ιςηιιιι
360 2617 442 2677 coepit3
454 2617 503 2677 Jam
520 2612 575 2660 nihil
589 2627 619 2661 ne
634 2613 734 2659 hostibus

73 2682 168 2747 quidem
179 2680 454 2795 praeterparraturtsper
469 2678 615 2733 οωιιίοιιιιη,
630 2677 738 2726 tentanti·

106 2759 158 2793 ror.
171 2760 199 2793 ιι.
487 2746 530 2789 aa
