1809 2950
172 164 219 207 tas
304 154 436 208 T‚L1v11
453 156 506 204 Lm.
521 152 568 202 IX.
588 150 647 203 Car.
661 152 705 201 90.

168 290 273 343 munivit,
289 297 312 336 ct
322 304 401 350 aquam
411 288 435 333 iu
447 286 534 333 Urbem
545 284 608 331 duxit
614 300 622 339 ;
638 296 709 341 esque
719 292 779 325 unus
789 292 841 340 per-

169 355 239 413 fecit5
261 355 319 415 quia,
340 356 368 399 ob
386 352 492 398 infamem
512 357 579 409 atque
596 346 729 393 invidiosum
750 344 839 390 senatis

100 465 104 478 ,
169 421 289 467 lectiomm
307 416 442 465 verecundii
459 417 539 467 victus,
561 413 647 473 collega
664 410 799 471 magistratu
817 422 839 452 se

171 485 316 532 abdicaverat.
344 483 438 544 Appius,
447 483 495 544 jum
503 479 555 525 inde
562 476 683 537 antiquitus
691 475 782 519 insitam
793 487 840 533 per·

170 551 275 596 tinaciam
291 548 382 595 familiae
398 546 504 609 gerendo,
525 543 585 590 solus
604 554 721 587 censuram
739 537 838 585 obtinuit.

171 614 262 661 Eodem
275 614 351 674 Appio
365 620 462 663 auctore,
480 609 565 660 Potitii,
581 620 645 668 gens,
661 606 725 665 cujus
741 604 771 649 ad
783 616 845 648 arun

172 679 299 725 Maximam
311 678 417 723 Herculis
427 675 534 721 saniliare
545 671 691 717 sacerdotium
701 667 783 720 metat,
799 681 844 712 ser-

171 743 327 803 uospublicos,
340 742 456 787 ministerii
467 736 582 800 delegandi
592 733 665 787 causi,
679 733 791 779 sollennia
797 732 845 791 q'us

173 808 229 853 sacri
240 807 351 853 docuerat.
381 805 487 852 Traditur
498 803 549 849 inde
560 802 620 847 dictu
630 798 737 851 mirabile,
750 804 775 843 et
785 794 846 856 quod

172 870 313 918 dimovendis
326 878 385 917 statu
401 886 442 917 suo
457 870 524 916 sacris
535 866 664 927 religionem
674 862 751 908 facere
761 867 843 923 posset

173 951 225 982 cum
236 935 352 983 duodecim
366 936 457 981 fimiliae
471 933 498 979 ei
511 926 796 993 tempestate'Potitiorum
811 940 844 971 ss-

174 1008 231 1053 sent,
249 1002 344 1061 puberes
359 1001 388 1046 ad
403 1000 502 1061 triginta,
523 1011 601 1043 omnes
617 995 675 1040 iutra
690 1006 777 1037 anuum
795 1004 844 1037 cum

174 1066 243 1125 stirpe
252 1066 390 1121 exstinctum
408 1080 449 1111 nec
460 1078 542 1109 nomen
556 1067 644 1107 tuntum
658 1056 798 1105 Potitiorum
811 1055 848 1099 in-

173 1131 259 1183 terisse,
276 1130 315 1176 scd
324 1144 440 1176 censorem
453 1129 521 1175 etiam
536 1126 643 1187 Appium,
659 1120 755 1169 memori
766 1120 847 1167 Deum

174 1192 583 1319 mxpppnrffiutncgfflnpg
594 1195 756 1300 “aldium
776 1247 847 1295 aar

175 1331 234 1378 mut,
257 1322 286 1372 C.
298 1322 382 1371 Junius
399 1322 514 1368 Bubulcus
533 1318 630 1369 tertium,
651 1324 674 1361 et
692 1314 723 1367 Q.
736 1312 849 1360 AErnilius

175 1388 273 1437 Barbula
282 1390 370 1441 iterum,
386 1387 450 1433 initio
461 1385 513 1431 anni
522 1383 596 1443 questi
606 1380 664 1443 apud
675 1379 793 1441 populum,
809 1377 851 1423 de-

174 1453 297 1503 formatum
305 1454 404 1500 ordinem
411 1448 481 1514 pravi
487 1449 584 1496 lectione
590 1445 687 1498 senatis,
697 1441 743 1504 quit
748 1443 851 1505 potiores·

175 1521 260 1581 aliquot
272 1520 337 1566 lectis
350 1517 457 1580 preteriti
467 1522 556 1570 essent;
573 1517 718 1574 negaverunt,
735 1523 787 1555 eam
801 1508 851 1554 lco-

175 1585 260 1632 tionem
269 1601 299 1637 se,
312 1600 370 1644 quae,
381 1583 428 1629 sine
437 1581 491 1628 recti
498 1579 605 1641 pravique
612 1575 745 1626 discrimine,
758 1573 787 1618 ad
795 1587 847 1634 gra·

175 1649 230 1695 tiam
238 1665 264 1698 ac
271 1647 450 1694 libidinem-iacta
457 1651 523 1698 esset,
533 1645 697 1690 observaturos:
712 1645 735 1684 et
743 1645 848 1685 senatum

175 1714 295 1774 extemplo<
300 1713 424 1759 citaverunt
435 1726 462 1757 eo
473 1710 556 1762 ordine,
572 1707 609 1768 qui
620 1711 672 1752 ante
682 1717 788 1750 censores
799 1702 847 1764 Ap·

177 1775 297 1824 cunctum
307 1784 331 1822 et
342 1775 370 1823 C.
381 1775 494 1821 Plautium
504 1774 584 1821 fuerat.
618 1771 652 1818 Et
661 1770 706 1816 duu
716 1767 813 1829 imperia
822 1783 850 1813 eo

176 1854 236 1886 anno
247 1841 293 1886 dari
304 1847 378 1901 crepta
387 1856 427 1901 per
437 1839 551 1901 populum,
568 1845 660 1896 utraque
673 1831 810 1896 pertinentia
822 1831 851 1878 ad

175 1919 224 1951 rem
234 1904 364 1954 militarem:
382 1918 461 1957 unum,
471 1910 497 1949 ut
507 1903 589 1949 tribuni
599 1900 694 1948 militum
705 1897 754 1945 seni
764 1896 817 1943 deni
825 1896 851 1942 iu

176 1975 272 2029 quatuor
289 1969 420 2030 legionesa
437 1968 520 2030 populo
537 1973 663 2014 crearentur
672 1981 680 2022 3
702 1977 755 2023 quae
773 1969 848 2014 antus,

174 2047 282 2096 perquam
293 2035 369 2095 paucis
380 2033 486 2095 suffragio
497 2033 573 2094 populi
584 2031 665 2078 relictis
675 2029 737 2080 locis,
752 2026 850 2072 dictatu-

176 2112 227 2144 rum
246 2106 270 2144 et
288 2099 405 2144 consulum
421 2097 493 2145 imme
510 2097 598 2144 fuerant
614 2091 726 2141 beneficia.
763 2087 850 2136 Tuldrc

175 2178 226 2210 eam
234 2156 374 2225 rogationem
381 2164 464 2210 tribuni
472 2163 543 2225 plebei
554 2161 582 2210 L.
592 2160 683 2211 Atilius,
697 2157 725 2206 C·
734 2153 847 2202 Marcius·

176 2228 289 2281 Alterum,
307 2236 332 2274 ut
345 2229 474 2274 duumviros
490 2227 579 2273 navales
592 2223 668 2272 classis
679 2220 787 2268 ornanda
798 2218 850 2265 refi-

175 2293 305 2354 ciendaeque
314 2292 382 2340 causi
391 2294 450 2339 idem
463 2293 558 2352 populus
568 2291 663 2352 juberet.
699 2285 771 2331 Lstcr
782 2283 850 2345 hujus

175 2357 400 2418 plebis-scitifuitM.
409 2357 503 2406 Deciusi
518 2351 702 2413 tribunusplebis.
736 2347 850 2410 Ejusdem

176 2421 229 2467 anui
240 2435 287 2465 rem
302 2420 362 2466 dictu
376 2436 467 2482 parvam
482 2419 629 2479 praeterirem.
642 2415 665 2460 ni
676 2414 704 2461 ad
715 2412 850 2474 religionem

176 2485 226 2530 visa
235 2491 295 2530 esset
304 2486 421 2544 pertinere.
448 2482 567 2534 Tibicines,
580 2481 632 2541 quia
638 2479 743 2541 prohibiti
751 2493 766 2524 a
773 2476 851 2538 proxi·

176 2548 220 2592 mis
234 2549 362 2608 censoribus
374 2554 439 2594 erant
452 2547 476 2592 in
493 2546 540 2592 aede
556 2545 622 2594 Jovis
638 2543 699 2590 vesci
717 2542 790 2606 (quod
804 2549 851 2588 trs-

176 2611 247 2656 ditum
257 2612 379 2671 antiquitus
389 2608 456 2670 erat),
469 2610 530 2672 ae'gre
540 2611 606 2670 passi,
618 2608 689 2655 Tibur
700 2622 747 2654 uuo
758 2607 852 2668 agmins

175 2673 293 2733 sbienmt5
307 2675 362 2723 odeo
373 2683 398 2724 ut
409 2689 476 2722 nemo
486 2674 510 2720 in
522 2673 586 2722 Urbe
600 2679 666 2729 esset,
682 2672 721 2736 qui
734 2670 852 2722 sacrificiis
