1809 2950
175 156 222 201 112
315 154 345 201 T.
359 151 448 202 mvn
466 152 518 201 Lu.
533 150 582 200 IX.
602 148 661 200 Car.
675 154 699 199 6.

170 283 258 331 iubrraa
267 285 365 338 dexans,
376 284 517 345 obnoxiaque
527 295 620 344 corpora
630 280 703 327 hosti:
716 292 847 342 proponere

172 349 259 409 sibimet
276 350 319 411 ipsi
337 356 389 396 ante
400 348 486 394 -oculos
501 350 583 411 jugum
602 346 689 400 hostile,
707 354 730 391 et
748 345 844 393 ludibria

169 414 270 469 victoria,
286 422 311 461 et
320 416 397 461 vultsm
407 415 520 475 superbos,
533 420 555 459 et
565 428 605 474 per
615 419 711 457 annates
722 411 842 457 inermium

170 479 231 530 itera,
256 478 313 526 lude
322 480 377 527 foedi
392 478 489 541 agurinia
504 478 650 525 miserabilem
664 476 731 529 nain,
749 490 790 537 per
804 490 843 521 ao-

171 544 256 591 ciorum
272 545 339 591 urbes
356 544 451 591 redibam
468 544 492 589 in
510 543 603 604 patriam
622 542 650 587 ad
668 548 780 602 parentes,
799 554 843 600 quo

170 622 232 671 sape
245 610 286 671 ipsi
301 612 439 672 maioresque
452 622 531 655 eorsum
545 607 706 668 triumphantes
716 606 839 651 venissent.

172 674 204 721 Se
218 675 279 721 solos
295 675 342 721 sine
359 674 459 726 munere,
477 674 526 719 sine
539 672 606 725 ferro,
625 672 672 717 sinc
689 671 738 717 acie
754 670 844 727 rictos;

171 738 272 785 arbi-non
288 740 398 800 stringere
411 738 501 785 licuisse
515 737 608 799 gladios,
626 750 672 781 non
686 743 779 783 manum
791 748 844 781 cum

170 803 237 849 hoste
251 803 367 860 conferre3
384 804 424 851 sibi
440 804 588 864 nequidquam
606 816 672 854 mma,
692 800 842 860 nequidquam

170 865 237 920 vires,
254 869 403 929 nequidquam
415 870 503 915 animos
515 868 585 913 datos.
622 865 682 911 Haec
694 863 844 910 frementibus

170 931 227 978 bora
236 930 310 979 fatalia
321 934 452 994 ignominias
463 932 559 984 advenit,
574 931 649 979 omnia
660 928 759 977 tristiora
773 936 844 989 expe-

170 995 248 1042 riendo
257 996 350 1049 factura,
363 1012 429 1057 quam
439 1012 492 1056 quae
502 1002 654 1057 praeeperant
664 993 752 1041 animis·
788 992 843 1040 Jam

170 1060 267 1121 primum
277 1076 329 1109 cum
345 1061 440 1118 nngruis
454 1059 594 1105 vestimentis
604 1060 699 1103 inermes
714 1064 782 1102 extra
796 1058 846 1103 val·

170 1123 218 1169 lum
238 1122 299 1168 exire
313 1123 379 1183 jussi,
399 1129 423 1167 et
441 1122 506 1181 primi
525 1122 599 1166 traditi
618 1120 711 1174 obsides,
733 1128 804 1181 atque
822 1122 846 1167 in

102 1223 114 1239 ,
169 1186 294 1235 custodiam
305 1186 400 1232 abducti.
435 1184 497 1230 Tum
512 1200 525 1230 a
541 1185 667 1231 conssrlrbus
681 1185 742 1231 abire
752 1184 845 1232 lictores

167 1251 450 1315 iussi‚.paludamentaque
468 1250 573 1303 detracta,
598 1256 681 1295 mntem
698 1250 757 1295 inter
774 1250 844 1313 ipsos,

171 1317 217 1379 qui*
229 1316 295 1379 paulo
305 1323 358 1362 ante
368 1330 407 1361 eoa
418 1321 567 1366 exsecrantes,
579 1314 691 1361 dedendos
701 1314 846 1363 lacerandos-

172 1396 216 1445 que
230 1388 369 1433 ceusuerant,
379 1379 544 1425 miserationem
554 1375 638 1443 [iecit]
647 1385 679 1432 ut,
690 1393 737 1425 suae
748 1380 846 1441 quisque

171 1447 305 1496 conditionis
321 1445 409 1499 oblitus,
426 1446 454 1492 ab
473 1442 510 1492 illi
526 1443 685 1491 deformatione
703 1450 776 1492 tautae
796 1456 845 1492 rna·

167 1514 264 1576 Rauda
275 1514 338 1562 velut
349 1513 376 1558 ab
386 1510 482 1558 nefando
490 1510 622 1572 spectaculo,
635 1515 746 1556 averteret
755 1512 841 1556 oculos.

204 1578 250 1625 vl.
275 1577 346 1624 Primi
364 1577 468 1623 consules
486 1591 555 1637 prope
573 1573 682 1621 seminudi
701 1574 743 1620 sub
757 1576 843 1638 jugum

171 1644 247 1690 missia
266 1650 322 1695 tum,
343 1649 369 1688 ut
389 1642 483 1702 quisque
504 1640 575 1702 gradu
595 1639 710 1701 proximus
731 1647 789 1693 erat,
813 1640 843 1686 ita

171 1709 177 1720 ‘
212 1708 303 1754 ominiae
313 1707 425 1768 objectus:
447 1701 496 1750 tum
508 1705 610 1766 deinceps
622 1705 718 1766 singulae
728 1704 842 1766 legiones.

265 1771 352 1816 stabant
361 1771 439 1816 armati
451 1771 534 1824 hostes,
546 1770 704 1830 exprobrantes
714 1769 844 1816 eludentes·

171 1846 228 1898 quer
253 1834 321 1898 gladii
338 1835 406 1880 etiam
424 1834 535 1896 plerisque
553 1835 670 1891 intentati;
687 1841 711 1880 et
729 1835 843 1881 vulnerati

170 1901 260 1961 quddam
271 1899 392 1959 necatique,
406 1899 424 1944 ai
434 1899 511 1946 vultus
521 1915 606 1952 corum,
619 1898 752 1961 indignitate
767 1914 843 1946 rerum

169 1965 248 2017 action
260 1964 368 2009 victorem
379 1963 514 2011 offendisset.
550 1963 587 2011 Ita
597 1963 690 2010 traducti
702 1963 840 2027 subjugum,

169 2037 200 2082 et,
212 2029 272 2089 quod
280 2030 505 2090 paenegrariuaerat,
516 2043 556 2090 per
564 2028 662 2075 bostium
673 2029 759 2075 oculos·
781 2027 841 2077 Cum

169 2109 183 2141 e
193 2093 251 2140 saltu
261 2095 390 2144 evasissent,
408 2094 458 2146 etsi,
476 2095 538 2140 velut
548 2095 576 2140 ab
585 2093 662 2140 inieris
672 2095 776 2146 extracti,
793 2101 843 2140 tum

168 2159 594 2285 ttttfftttti't‘ttli‘tlb
608 2159 842 2270 inutilitati

168 2281 255 2350 [taque.
273 2303 324 2334 cum
336 2295 388 2335 ante
397 2296 487 2334 noctem
499 2287 599 2349 Capuam
610 2287 726 2350 pervenire
737 2296 841 2349 possent,

166 2354 246 2402 incerti
256 2354 285 2400 de
298 2354 343 2399 fide
357 2353 476 2413 sociorum,
494 2359 517 2399 et
530 2354 590 2413 quod
600 2353 671 2414 pudor
681 2351 841 2414 praepediebat,

167 2418 226 2465 circa
240 2419 300 2465 riam
315 2419 374 2464 baud
388 2417 465 2478 procul
481 2415 566 2478 Capui,
584 2417 683 2463 omnium
695 2417 771 2479 egeni,
790 2431 843 2464 eor.

166 2498 221 2544 pora
238 2484 301 2528 burni
318 2487 493 2544 prostraverunt.
537 2481 606 2534 Quod
625 2481 661 2526 iun
681 2487 716 2527 est
736 2480 842 2543 Capuam

166 2548 300 2600 nimiarum,
311 2547 384 2592 evicit
398 2545 510 2591 miseratio
517 2547 579 2606 justa
590 2545 700 2591 sociorum
713 2547 842 2606 superbiam

165 2609 288 2672 inperitam
308 2608 442 2670 Campanis:
468 2609 585 2654 confestim
606 2610 704 2670 insignia
723 2623 765 2656 sua
784 2625 843 2656 con-

165 2673 256 2726 sulibm,
279 2673 358 2726 duces,
381 2674 478 2728 lictores,
500 2687 568 2727 arma,
590 2689 667 2735 equos,
691 2673 841 2729 vestimenta,
