1809 2950
168 153 201 216 s'4
295 167 325 216 Τ.
339 165 426 218 mvn
442 163 495 216 rm
509 165 568 214 vu
588 159 700 217 omos:

167 298 220 351 cuit,
233 295 475 346 dictatorem'ieriarum
487 296 690 347 constituendarum
701 293 767 342 causi
778 293 832 342 diei.

167 361 251 410 Dictus
259 362 287 409 P.
299 361 402 409 Valerius
409 363 532 410 Publicola:
546 363 653 425 magister
658 362 756 420 equitum
764 361 785 406 ei
794 359 829 412 Q·

167 426 250 474 Fabius
261 427 385 474 Ambustus
393 428 458 474 datus
465 435 506 474 est.
535 428 591 474 Non
601 428 671 473 tribus
681 432 767 470 tantum
776 439 831 485 sup-

165 491 271 554 plicatum
281 493 314 538 ire
323 493 412 553 placuit,
425 492 464 538 sed
473 491 579 538 finitimos
589 492 656 537 mam
665 489 760 551 populos
765 505 774 544 ς
793 503 832 534 οι·-

167 555 240 617 doque
260 558 294 610 iis,
315 571 360 616 quo
381 557 475 616 quisque
492 557 528 603 die
549 557 702 617 supplicarent,
722 559 827 599 statutus.

166 619 255 669 Judicie
265 637 292 666 eo
304 636 363 667 anno
379 621 454 682 populi
469 621 541 667 tristia
557 621 581 666 in
599 619 744 666 foenemtores
761 616 830 670 facta,

167 686 245 746 quibus
262 687 289 730 ab
301 686 399 732 sedilibus
417 685 475 731 dicta
491 685 539 731 dies
554 692 620 737 esset,
637 684 759 731 traduntur.
795 671 832 726 Et

166 765 210 802 res,
222 749 280 795 hand
291 747 336 796 ulli
345 749 427 811 insigni
438 750 467 794 sd
477 750 606 795 memoriam
623 746 695 800 causi,
714 747 742 793 ad
759 745 833 790 inter-

166 828 261 875 regnum
276 814 346 859 rediit.
382 813 421 862 Ex
431 814 566 875 interregno,
581 814 617 876 (ut
633 813 657 858 id
671 819 744 857 actum
759 809 832 856 videri

166 875 253 940 posset)
265 879 329 924 ambo
340 879 424 940 patricii
434 878 537 939 consides
551 879 618 923 creati
635 884 694 930 sunt,
712 875 748 921 M.
759 873 834 927 Vale»

167 943 213 988 rius
225 941 313 990 corvus
324 943 421 995 tertium,
434 943 465 988 A.
477 941 595 990 Cornelius
606 940 698 989 Cossus.

200 1005 298 1053 XXIX.
318 1007 407 1070 Majora
412 1007 461 1068 jam
471 1007 523 1053 hinc
529 1007 592 1059 bella,
603 1014 626 1052 et
633 1006 715 1052 viribus
722 1005 832 1058 hostium,

166 1078 190 1120 et
199 1071 361 1132 longinquitate
371 1072 407 1118 vel
418 1072 535 1133 regionum
549 1071 585 1117 vel
595 1077 720 1132 temporum
733 1067 834 1134 [spatio]

167 1136 244 1197 quibus
253 1137 358 1182 bellatum
369 1145 410 1189 est,
426 1137 539 1183 dicentur:
559 1151 655 1194 namque
669 1151 696 1180 eo
714 1149 774 1180 anno
791 1134 835 1179 ad-

166 1216 245 1247 versus
259 1201 375 1253 Samnites,
393 1209 485 1262 gentem
501 1201 578 1262 opibus
597 1199 708 1260 armisque
725 1197 831 1252 validam,

167 1271 228 1311 mota
245 1280 311 1312 arma.
348 1265 480 1312 Samnitium
490 1265 579 1317 bellum,
591 1263 681 1325 ancipiti
691 1263 767 1309 Marte
778 1278 835 1323 ges·

167 1335 222 1383 tum,
236 1328 336 1390 Pyrrhus
346 1331 422 1384 hostis,
436 1329 549 1390 Pyrrhum
560 1327 627 1374 Poeni
637 1329 714 1374 secuti.
750 1326 835 1380 Quan-

166 1401 190 1442 ta
200 1409 273 1441 rerum
284 1393 369 1442 moles!
382 1395 468 1455 quoties
476 1396 502 1440 'in
513 1401 612 1440 extrema
619 1393 765 1456 periculorum
774 1405 835 1438 ven-

166 1465 222 1537 tum,
231 1467 260 1536 'ut
270 1460 293 1506 in
304 1461 361 1507 hanc
376 1459 559 1522 magnitudinem,
578 1474 629 1518 qnae
645 1457 684 1504 vix
701 1457 833 1511 sustinetur,

166 1526 459 1644 uiritim
478 1522 836 1649 ,tiffliwjffi

166 1660 249 1703 essent,
259 1655 396 1701 extrinsecus
414 1655 491 1712 venit;
507 1669 553 1700 non
568 1660 617 1700 orta
634 1653 693 1699 inter
708 1652 769 1713 ipsos
785 1659 831 1700 est.

123 1724 125 1738 ¹
167 1716 278 1763 Samnites
290 1717 391 1764 Sidicinis
401 1719 484 1781 injusta
493 1734 560 1773 arma,
573 1719 625 1779 quis
633 1718 716 1765 vintrus
729 1716 780 1778 plus
790 1733 836 1778 po-

166 1786 246 1834 terant,
259 1796 309 1827 cum
325 1782 458 1837 intulissent,
476 1784 546 1830 coacti
564 1784 642 1845 inopes
660 1782 688 1828 sd
706 1781 836 1843 opulentio-

165 1859 217 1890 rum
228 1846 333 1891 auxilium
348 1846 476 1909 confligere,
490 1847 612 1910 Campanis
622 1862 671 1894 sese
681 1846 832 1908 conjungunt.

168 1906 277 1971 Campani
288 1912 359 1973 magis
370 1926 452 1959 nomen
460 1912 488 1959 ad
498 1914 625 1975 praesidium
636 1912 754 1964 sociorum,
763 1926 835 1971 quarn

166 1974 231 2027 vires,
242 1988 292 2021 cum
303 1977 435 2031 attulissent,
446 1977 541 2024 fluentes
552 1978 607 2023 luxu
617 1978 644 2023 sb
654 1976 738 2022 duratis
747 1990 790 2021 usu
797 1991 836 2021 ar-

166 2052 254 2085 morum
268 2040 292 2085 in
310 2041 407 2087 Sidicino
425 2043 483 2103 puisi
499 2057 561 2104 agro,
577 2043 601 2087 in
612 2057 636 2088 se
652 2040 732 2086 deinde
748 2041 835 2088 molem

165 2116 255 2150 omnem
274 2105 324 2151 belli
342 2112 470 2153 verterunt:
493 2122 589 2167 namque
606 2105 723 2158 Samnites,
744 2105 836 2152 omissis

71 2192 75 2199 ·
166 2167 276 2222 Sidicinis,
289 2171 358 2231 ipsam
374 2186 447 2217 arcem
458 2170 601 2217 finitimorum
613 2167 741 2231 Campanos
751 2169 833 2223 sdorti,

165 2232 225 2279 unde
236 2249 299 2294 aeque
308 2234 378 2281 facilis
392 2236 492 2288 victoris,
509 2236 592 2297 praedae
609 2242 677 2295 atque
691 2234 770 2295 gioriae
781 2234 834 2295 plus

165 2304 230 2351 esset,
242 2298 323 2352 Tifata,
336 2300 478 2346 imminentes
488 2299 572 2361 Capuae
583 2299 657 2352 colles,
667 2314 718 2344 cum
726 2299 834 2359 praesidin

106 2411 108 2417 ¹
164 2358 229 2407 firmo
240 2362 392 2425 occupisscnt,
404 2365 540 2411 descendunt
554 2364 606 2409 inde
620 2364 727 2423 quadrato
742 2364 835 2424 agmine

163 2424 187 2469 in
202 2426 315 2486 planitiem
333 2444 384 2487 qnae
399 2428 500 2490 Capuam
510 2427 628 2487 Tifataque
639 2428 761 2489 inteq'acet.
797 2425 834 2473 Ibi

164 2504 239 2562 rursus
255 2493 302 2538 acie
316 2492 457 2549 dimicatum3
474 2492 610 2551 adversoque
626 2492 705 2553 proelio
721 2490 834 2553 Campani

164 2560 221 2600 rutra
237 2557 319 2602 moenia
335 2558 450 2618 compulsi,
471 2572 529 2608 cum,
548 2557 627 2602 robore
637 2556 764 2617 juventutis
784 2571 833 2603 suae

163 2618 243 2671 acciso,
256 2622 315 2665 nulla
325 2622 447 2681 propinqua
458 2636 508 2682 spes
518 2627 584 2673 esset,
597 2620 669 2667 coacti
678 2627 732 2668 sunt
742 2622 770 2667 ab
780 2620 834 2669 ito-

163 2681 235 2727 manis
245 2690 319 2745 petere
330 2686 443 2731 auxilium.
