1809 2950
158 150 205 198 180,
291 146 320 194 Τ.
334 143 423 195 mvn
438 144 492 193 Lus.
507 144 553 193 IX·
573 142 633 193 Car.
648 144 693 192 ra·

155 274 244 322 bulum.
280 275 375 323 Latium:
383 275 462 321 deinde
475 290 541 321 omne
555 287 606 320 cnm
622 272 715 324 Sabinis,
731 278 754 316 et
767 267 829 314 vsi·

155 341 206 393 scia,
222 348 246 387 et
256 340 346 401 AEquis,
362 348 386 385 et
396 340 457 385 omni
469 336 598 401 Campaniai,
615 346 638 383 et
648 343 710 398 parte
722 333 832 381 Umbriae·

156 403 307 465 Etruriaeque,
319 415 342 451 et
350 403 485 456 Picentibus,
498 410 521 448 et
531 402 620 455 Marsis,
634 400 788 461 Pebgnisque,
800 412 826 443 se

156 466 264 522 Vestinis,
277 478 344 529 atque
354 469 442 529 Apulis,
454 465 601 529 adjunctique
612 466 672 511 omni
681 462 721 509 oni
729 464 831 511 Grecos

156 531 207 579 ium
221 533 291 579 inferi
305 534 372 579 maris
386 548 400 579 a
414 532 505 577 Thuriis
520 530 639 591 Neapolim
653 536 676 574 et
692 526 787 580 Cumas,
803 532 831 571 et=

155 598 208 645 irrde
224 598 296 645 Antio
312 607 378 657 atque
393 596 464 642 Ostiis
480 603 545 641 tenus
563 594 680 647 Samnites,
698 600 738 638 aut
753 592 827 637 socios

155 663 241 709 rabdos
252 662 368 714 Romanis,
384 669 423 707 aut
437 660 520 707 fractos
534 660 592 705 bello
606 658 729 703 invenisset
739 658 824 703 hostes.

156 725 210 788 Ipse
221 727 342 787 trajecisset
350 742 411 771 mare
419 740 470 771 cum
480 724 588 771 veteranis
597 721 767 773 Macedonibus,
781 734 830 765 norr

156 792 206 853 plus
221 791 313 851 triginta
326 790 422 836 millibus
437 790 561 841 hominum,
578 796 602 835 et
617 795 713 847 quatuor
729 786 831 831 millibus

156 856 264 915 equitum,
285 855 381 900 maxime
399 854 574 900 Tbessalorum:
600 854 643 897 hoc
662 852 722 897 enim
742 849 828 897 roboris

157 927 211 965 erut.
247 918 336 972 Persas,
353 918 429 971 Indos,
445 919 543 978 aliasque
558 918 576 963 si
591 917 727 978 adjunxisset
737 920 830 976 gentes,

156 983 339 1044 impedimentum
347 986 491 1046 majusquam
500 983 606 1029 auxilium
614 982 719 1027 traheret
752 978 830 1031 Adde,

157 1048 218 1109 quod
229 1048 339 1095 Romanis
349 1049 377 1095 sd
388 1063 479 1095 manum
490 1048 550 1093 domi
562 1046 739 1107 supplementum
752 1052 825 1090 esset:

157 1113 295 1167 Alexnrrdro,
312 1114 383 1177 (quod
393 1120 471 1174 postea
482 1112 604 1159 Hannibali
615 1107 704 1169 accidit)
720 1110 795 1155 alieno
805 1109 830 1153 ia

157 1192 212 1239 agro
222 1178 319 1229 bellanti,
331 1179 442 1225 exercitus
452 1177 612 1223 consenuisset.
645 1176 723 1226 Arma,
736 1174 830 1235 clypeus

157 1242 289 1302 sarisaeque
299 1243 357 1300 illis;
374 1242 480 1289 Romano
492 1249 589 1294 scutum,
604 1242 675 1301 majus
689 1238 779 1301 corpori
794 1245 832 1283 te-

157 1315 304 1369 gumenturu,¹
314 1316 337 1354 et
346 1308 423 1369 pilum,
437 1306 496 1353 haud
506 1306 579 1367 paulo,
596 1320 661 1365 quani
672 1304 743 1357 hasta,
759 1303 831 1349 rebe-

157 1374 255 1419 mentius
263 1371 514 1433 ictumissuquetelum.
538 1371 646 1417 statarius
654 1368 827 1429 uterquemiles,

158 1437 247 1485 ordines
258 1453 362 1487 servans:
382 1437 421 1484 sed
431 1437 469 1483 illa
479 1436 575 1498 phalanx
586 1433 710 1487 immobilis,
727 1440 751 1480 et
762 1432 830 1480 unius

158 1504 261 1564 generis:
281 1505 385 1550 Romans
394 1503 453 1550 acies
464 1499 595 1553 distinctior,
612 1515 640 1546 ex
650 1499 749 1562 pluribus
760 1497 831 1560 purti-

94 1555 100 1574 ⁸
157 1568 200 1613 bus
210 1576 315 1615 constans
322 1587 329 1626 ;
344 1568 414 1615 facilis
421 1567 532 1629 partienti,
545 1563 686 1626 quicumque
696 1579 753 1625 opus
761 1569 830 1614 esset,
890 1585 891 1590 =

157 1630 228 1678 facilis
243 1634 356 1694 jungenti.
394 1632 447 1680 Jam
466 1632 489 1676 in
510 1646 575 1692 opere
594 1631 644 1690 quis
662 1644 702 1690 par
720 1627 830 1674 Romano

159 1695 240 1741 miles?
264 1698 314 1756 quis
332 1697 361 1742 ad
379 1696 518 1742 tolerandum
533 1695 630 1740 laborem
646 1693 744 1740 melior?
774 1691 832 1738 Uno

158 1759 238 1820 proelio
249 1759 321 1805 victus
332 1760 468 1812 Alexander,
483 1760 542 1806 bello
557 1760 630 1806 victus
639 1766 705 1804 esset.
742 1756 830 1804 Rorna-

158 1837 221 1876 num,
239 1838 306 1882 quem
323 1821 441 1875 Caudium,
460 1827 526 1884 quem
543 1823 629 1871 Cannae
644 1837 689 1868 non
703 1822 828 1884 fregerunt,

158 1901 209 1947 quae
225 1885 328 1947 fregisset
344 1887 420 1932 scies?
445 1887 499 1941 Nae,
516 1888 554 1935 ille
570 1904 636 1949 saepe,
654 1887 742 1934 etiarnsi
758 1887 830 1948 prima

157 1965 263 2012 prospere
283 1951 417 2005 evenissent,
441 1951 523 2000 Persas
544 1960 568 1999 et
586 1951 656 1998 lndos
675 1959 698 1997 et
716 1951 829 1998 imbellem

158 2015 238 2061 Asiam
254 2016 379 2075 quaesisset,
396 2023 419 2062 et
435 2032 486 2062 curn
502 2015 591 2063 feminis
608 2017 647 2062 sibi
661 2017 744 2062 bellum
760 2015 830 2062 fusse

159 2078 263 2126 dixisset:
286 2080 346 2140 quod
360 2080 424 2142 Epiri
438 2096 516 2142 regem
533 2081 693 2133 Alexandrum,
712 2079 829 2126 mortifero

158 2143 252 2190 vulnere
259 2144 335 2198 ictum,
349 2145 430 2192 dixisse
436 2144 519 2198 ferunt,
532 2152 615 2192 sortem
623 2145 732 2192 bellorum
741 2145 765 2191 in
774 2141 832 2192 nsit

158 2215 275 2270 gestorum
290 2211 318 2256 ab
332 2210 375 2256 hoc
390 2211 438 2272 ipso
448 2211 533 2272 juvene
548 2225 599 2256 eum
614 2207 655 2256 suia
665 2209 827 2258 conferentem.

159 2271 279 2334 Equidem,
300 2289 351 2320 cum
367 2291 407 2336 per
422 2289 493 2321 annos
508 2281 604 2334 quatuor
619 2280 642 2320 et
659 2274 742 2334 viginti
758 2275 832 2336 primo

160 2333 248 2386 Punico
258 2339 316 2384 bello
327 2340 432 2386 classibus
443 2346 551 2386 certatum
563 2354 614 2384 cum
626 2337 705 2384 Poenis
717 2339 831 2390 recordor,

159 2402 199 2448 rix
209 2410 299 2449 aetatem
307 2403 430 2450 Alexandri
438 2403 579 2450 suffecturam
588 2403 657 2448 fuisse
665 2418 716 2448 reor
724 2403 754 2450 sd
762 2417 832 2449 uuum

159 2467 256 2513 bellum:
275 2474 298 2513 et
308 2466 407 2521 forsitan,
420 2483 472 2513 cum
483 2475 506 2514 et
515 2467 635 2514 foederibus
646 2467 742 2514 vetustis
752 2469 834 2530 juncta

161 2527 248 2576 Punica
258 2547 294 2576 res
302 2531 413 2578 Romame
421 2539 488 2583 esset,
500 2539 523 2577 et
532 2532 599 2578 timor
606 2547 646 2593 par
653 2531 763 2580 adversus
772 2546 834 2578 com-

159 2607 252 2640 munem
260 2595 348 2640 hostem
356 2596 411 2642 duss
418 2595 583 2657 potentisimss
589 2595 655 2642 armis
663 2595 763 2656 virisque
770 2598 834 2646 urbet

159 2664 264 2712 amaret,
274 2658 340 2706 simul
347 2657 435 2706 Punico
441 2659 590 2720 Romanoque
598 2660 690 2708 obrutus
696 2660 758 2710 bello
766 2667 834 2712 esaei·
