1809 2950
198 144 243 186 146
331 133 532 188 T.L1V11Lu‚
547 132 593 180 IX.
611 131 672 187 Gar.
686 135 726 190 34.

197 277 220 316 et
236 267 294 330 apud
309 265 426 314 Romanos
443 269 531 310 tantum
547 263 664 309 vulnerum
681 260 730 314 luit,
748 267 776 308 ut
791 260 867 324 plures
893 301 894 310 ,

197 336 248 407 post
259 332 363 394 proelium
379 328 447 376 saucii
462 327 601 382 decesserint,
620 325 686 395 quam
701 325 831 374 ceciderant
845 327 866 372 iu
893 347 894 350 ¹

197 414 251 446 acre.

229 458 355 511 XXXIII.
382 457 414 513 Q„
432 455 522 513 Fabius,
546 455 681 516 insequentis
702 455 756 502 anni
779 455 866 508 consul,

195 528 277 576 bellum
288 525 316 571 ad
327 523 426 572 Sutrium
437 522 531 584 excepit.
568 519 662 582 Collega
672 519 742 566 Fabio
759 518 790 568 C·
801 519 867 578 Mar-

196 595 244 640 cius
258 589 349 636 Rutilus
362 587 426 632 datus
440 593 481 632 est.
518 583 632 634 Caeterum
647 591 670 631 et
681 583 766 630 Fabius
777 585 867 646 supple·
893 579 894 604 ³

196 659 296 710 mentum
307 654 334 698 ab
344 647 421 697 Romi
430 650 529 702 adduxit,
547 653 569 696 et
584 665 655 696 novus
670 649 783 695 exercitus
798 649 867 696 domo
893 655 894 660 ’

195 721 278 769 accitus
289 715 392 762 Etruscis
402 715 471 769 venit.
492 713 600 760 Permulti
610 715 662 760 anni
669 715 717 776 jam
728 722 801 767 erant,
815 730 866 760 cum
893 735 894 738 ¹

120 801 123 808 ’
194 779 868 843 interpatriciosmagistratustribunosque'nullacertamiua

35 1510 39 1527 .
103 1502 110 1510 ¹
189 1494 242 1541 liam
251 1492 359 1543 recitaret,
368 1496 525 1547 auctoremque
533 1488 580 1549 ejus
589 1486 730 1547 Mamercum
738 1488 862 1537 AEmilium

192 849 296 902 fuerant3
312 860 364 890 cum
380 859 410 890 ex
425 841 452 889 ed
470 841 559 895 familia,
577 859 628 903 quse
646 842 707 890 velut
722 841 799 898 fatalis
816 851 865 890 tum

191 908 389 970 tribunisacplebi
399 914 452 961 erat,
463 913 574 953 certamen
583 907 659 953 oritur.
694 906 740 968 Ap.
754 905 865 955 Claudius
893 907 894 962 J

192 992 278 1028 censor,
300 972 439 1020 circumactis
456 971 531 1018 decem
551 979 574 1019 et
591 980 644 1026 octo
662 972 784 1025 mensibus,
804 973 864 1034 quod
893 977 894 998 r

192 1036 286 1089 AEmilii
295 1039 347 1100 lege
359 1035 447 1083 finitum
463 1051 563 1082 censurae
578 1036 672 1098 spatium
687 1037 797 1098 temporis
808 1045 864 1090 erat,

192 1121 243 1152 cum
253 1100 281 1153 C·
293 1098 395 1150 Plautius
405 1101 492 1161 collega
501 1101 549 1162 ejus
557 1101 689 1162 magistratu
697 1117 721 1147 se
729 1099 863 1155 abdicasset,

191 1168 253 1216 nulli
266 1168 289 1214 vi
303 1165 412 1227 compelli,
430 1170 456 1210 ut
467 1165 582 1218 abdicaret,
600 1165 678 1226 potuit.
714 1163 743 1210 P.
756 1166 865 1228 Sempro·

191 1236 241 1281 nius
257 1238 304 1280 erat
318 1231 418 1276 tribunus
427 1228 497 1290 plebis
503 1244 511 1286 ς
529 1230 566 1288 qul
577 1229 680 1276 finiendae
690 1245 795 1276 censurae
805 1232 866 1278 intra

189 1297 315 1362 legitimum
323 1302 410 1356 tempus
418 1293 529 1340 actionem
537 1302 669 1356 susceperat,
679 1308 724 1340 non
731 1294 865 1356 popularem

190 1363 270 1426 magis,
288 1375 354 1423 quam
365 1359 466 1421 justam3
488 1373 529 1404 nec
545 1358 568 1403 in
584 1359 672 1420 vulgus,
690 1374 758 1420 quam
772 1375 792 1404 o
808 1360 865 1408 timo

190 1428 276 1491 cuique,
293 1425 421 1489 gratiorem.
457 1419 489 1475 Is,
507 1437 557 1468 curn
568 1421 688 1469 identidem
698 1421 773 1486 legem
796 1475 800 1481 ,
819 1425 865 1470 mi-

189 1549 319 1605 diclatorem
333 1554 433 1601 laudibus
449 1551 532 1608 ferret;
542 1552 587 1612 ‘qui
601 1552 790 1613 quinquennalem
807 1562 863 1602 ante
893 1544 894 1579 l

186 1626 354 1672 ,censuram-ct
369 1617 533 1679 longinquitate
549 1623 681 1677 potestatem
696 1618 861 1677 dominantem,

188 1688 248 1733 iutra
256 1700 296 1731 sex
303 1682 413 1729 mensium
424 1688 447 1727 et
458 1680 510 1727 anni
521 1680 633 1742 co'e'gisset
647 1682 756 1745 spatium3
777 1689 793 1712 “
802 1681 861 1739 Dic,

188 1746 310 1810 agedum,”
333 1746 411 1805 inquit,
435 1745 505 1806 “Au
524 1743 612 1801 Claudi,
637 1744 742 1806 quidnam
756 1745 863 1795 facturus

187 1813 263 1864 fueris,
281 1812 338 1857 sico
348 1816 455 1871 tempore
468 1824 512 1869 quo
524 1800 552 1856 C.
563 1808 645 1869 Furius
656 1818 678 1856 et
690 1810 725 1857 M.
738 1810 863 1876 Geganius
893 1832 894 1857 t

187 1891 291 1922 censores
303 1871 401 1928 fuerunt,
419 1887 498 1918 censor
513 1872 627 1919 fuissest’·
650 1872 742 1940 Negare
759 1875 861 1939 Appius,
893 1864 894 1883 ³

186 1938 384 2000 interrogationem
394 1936 476 1983 tubum
487 1952 570 1999 magno
581 1954 648 2001 apere
658 1939 686 1985 ad
700 1944 798 1996 causam'
804 1956 862 2003 per.

187 2005 259 2050 tinere
268 2017 344 2061 suam:
364 2016 423 2055 nam,
441 2001 483 2047 etsi
495 2002 590 2048 tenuerit
600 2002 637 2049 lex
648 2002 741 2050 AEmilia
751 2019 791 2061 eos
802 2020 861 2052 cen.
893 2028 894 2035 κ

186 2084 255 2121 sores,
267 2066 396 2128 quorumin
460 2066 538 2112 'stratu
548 2066 593 2125 lata
601 2074 666 2121 esset,
679 2068 731 2127 quia
740 2076 793 2131 post
803 2068 858 2125 illos
893 2068 894 2123 Ῑ

185 2147 288 2192 censores
296 2138 442 2192 creqtoseam
488 2132 627 2193 empopulus
630 2132 741 2194 jussisset,
751 2132 861 2197 quodque
893 2126 894 2155 ¹

181 2205 321 2259 'postremum
327 2196 438 2259 jussisset,
456 2195 464 2239 i
489 2194 529 2259 jus
544 2202 661 2257 ratumque
671 2204 745 2255 essen
762 2212 809 2245 non
824 2206 859 2246 ta-
893 2194 894 2253 l

183 2277 236 2322 men
254 2269 293 2319 aut
312 2276 343 2315 se,
360 2265 400 2307 aut
418 2274 496 2320 eorum
515 2274 656 2321 quemquam,
674 2260 713 2322 qui
731 2270 784 2336 post
803 2278 856 2311 eam
893 2254 894 2307 l

180 2326 256 2437 legeqr
274 2326 343 2389 latam
361 2324 429 2371 creati
447 2333 551 2387 censores
568 2332 649 2387 essent,
667 2332 738 2373 teneri
754 2315 782 2373 ei
801 2326 858 2408 lege

213 2398 237 2437 tu
247 2404 289 2437 sse.

183 2405 339 2513 poXXXIV.
358 2450 419 2499 Haec
434 2451 482 2498 sine
493 2452 558 2515 ullius
567 2467 661 2509 assensu
672 2454 791 2516 cavillante
803 2456 857 2521 Ap·
893 2446 894 2529 l

180 2519 225 2581 pio,
239 2525 255 2548 “
263 2516 328 2581 En‚”
339 2517 417 2627 inquit,
430 2522 446 2545 “
456 2514 563 2578 Quirites
575 2517 633 2563 illius
645 2516 713 2595 Appii
720 2510 854 2584 progenies,
893 2536 894 2565 t

180 2582 226 2643 qui,
243 2582 355 2629 decemvir
376 2595 391 2626 n
406 2594 489 2642 annum
504 2588 598 2643 creatus,
615 2582 685 2627 altero
696 2594 757 2628 anno
768 2582 813 2630 sei
893 2582 894 2585 ’

177 2646 276 2703 creasit;
293 2645 366 2706 tertio,
384 2659 426 2707 nec
439 2645 468 2691 ab
483 2659 515 2705 ss,
533 2660 575 2709 nec
590 2646 617 2707 ab
632 2645 678 2707 ullo
691 2654 787 2711 creatus,
806 2648 857 2713 prl-
