<?xml version="1.0" encoding="UTF-8"?>
<!DOCTYPE html PUBLIC "-//W3C//DTD XHTML 1.0 Transitional//EN"
    "http://www.w3.org/TR/xhtml1/DTD/xhtml1-transitional.dtd">
<html xmlns="http://www.w3.org/1999/xhtml" xml:lang="en" lang="en">
 <head>
  <title>
</title>
<meta http-equiv="Content-Type" content="text/html;charset=utf-8" />
  <meta name='ocr-system' content='tesseract 3.04.00' />
  <meta name='ocr-capabilities' content='ocr_page ocr_carea ocr_par ocr_line ocrx_word'/>
</head>
<body>
  <div class='ocr_page' id='page_1' title='image "./tliviipatavinih02caregoog_0429.png"; bbox 0 0 1809 2950; ppageno 0'>
   <div class='ocr_carea' id='block_1_1' title="bbox 62 67 686 168">
    <p class='ocr_par' dir='ltr' id='par_1_1' title="bbox 62 67 686 168">
     <span class='ocr_line' id='line_1_1' title="bbox 62 67 686 168; baseline -0.024 -6"><span class='ocrx_word' id='word_1_1' title='bbox 62 135 69 152; x_wconf 55' lang='grc' dir='ltr'><strong>ι</strong></span> <span class='ocrx_word' id='word_1_2' title='bbox 117 117 164 160; x_wconf 73' lang='lat' dir='ltr'><strong>ue</strong></span> <span class='ocrx_word' id='word_1_3' title='bbox 229 105 258 154; x_wconf 81' lang='lat' dir='ltr'><strong>u.</strong></span> <span class='ocrx_word' id='word_1_4' title='bbox 273 103 362 154; x_wconf 79' lang='lat' dir='ltr'><strong>urvu</strong></span> <span class='ocrx_word' id='word_1_5' title='bbox 379 104 431 168; x_wconf 66' lang='grc' dir='ltr'><strong>ιιι</strong></span> <span class='ocrx_word' id='word_1_6' title='bbox 446 101 549 168; x_wconf 71' lang='lat' dir='ltr'><strong>xxm.</strong></span> <span class='ocrx_word' id='word_1_7' title='bbox 561 67 630 162; x_wconf 58' lang='lat' dir='ltr'><strong>&#39;cre</strong></span> <span class='ocrx_word' id='word_1_8' title='bbox 644 105 686 148; x_wconf 75' lang='grc' dir='ltr'><strong>ιε.</strong></span> 
     </span>
    </p>
   </div>
   <div class='ocr_carea' id='block_1_2' title="bbox 71 231 813 1724">
    <p class='ocr_par' dir='ltr' id='par_1_2' title="bbox 71 231 813 1724">
     <span class='ocr_line' id='line_1_2' title="bbox 123 231 812 300; baseline -0.013 -13"><span class='ocrx_word' id='word_1_9' title='bbox 123 238 209 288; x_wconf 87' lang='lat' dir='ltr'><strong>consuli</strong></span> <span class='ocrx_word' id='word_1_10' title='bbox 228 237 352 300; x_wconf 84' lang='lat' dir='ltr'><strong>imperavit,</strong></span> <span class='ocrx_word' id='word_1_11' title='bbox 371 241 404 290; x_wconf 84' lang='lat' dir='ltr'><strong>ut,</strong></span> <span class='ocrx_word' id='word_1_12' title='bbox 427 241 515 282; x_wconf 84' lang='lat' dir='ltr'><strong>retento</strong></span> <span class='ocrx_word' id='word_1_13' title='bbox 531 231 603 280; x_wconf 78' lang='lat' dir='ltr'><strong>Nolae</strong></span> <span class='ocrx_word' id='word_1_14' title='bbox 624 231 757 280; x_wconf 65' lang='lat' dir='ltr'><strong>macario</strong></span> <span class='ocrx_word' id='word_1_15' title='bbox 780 231 812 280; x_wconf 82' lang='lat' dir='ltr'><strong>ad</strong></span> 
     </span>
     <span class='ocr_line' id='line_1_3' title="bbox 122 297 811 364; baseline -0.007 -13"><span class='ocrx_word' id='word_1_16' title='bbox 122 303 227 351; x_wconf 89' lang='lat' dir='ltr'><strong>tuendam</strong></span> <span class='ocrx_word' id='word_1_17' title='bbox 245 303 322 348; x_wconf 84' lang='lat' dir='ltr'><strong>urbem</strong></span> <span class='ocrx_word' id='word_1_18' title='bbox 337 299 449 364; x_wconf 70' lang='lat' dir='ltr'><strong>presidio,</strong></span> <span class='ocrx_word' id='word_1_19' title='bbox 470 307 565 346; x_wconf 74' lang='lat' dir='ltr'><strong>ceteros</strong></span> <span class='ocrx_word' id='word_1_20' title='bbox 586 299 671 345; x_wconf 84' lang='lat' dir='ltr'><strong>milites</strong></span> <span class='ocrx_word' id='word_1_21' title='bbox 681 297 811 346; x_wconf 73' lang='lat' dir='ltr'><strong>dimitteret</strong></span> 
     </span>
     <span class='ocr_line' id='line_1_4' title="bbox 122 363 809 427; baseline -0.009 -11"><span class='ocrx_word' id='word_1_22' title='bbox 122 369 228 427; x_wconf 82' lang='lat' dir='ltr'><strong>Romam,</strong></span> <span class='ocrx_word' id='word_1_23' title='bbox 241 383 271 414; x_wconf 88' lang='lat' dir='ltr'><strong>ne</strong></span> <span class='ocrx_word' id='word_1_24' title='bbox 281 367 343 414; x_wconf 85' lang='lat' dir='ltr'><strong>oneri</strong></span> <span class='ocrx_word' id='word_1_25' title='bbox 356 367 428 418; x_wconf 79' lang='lat' dir='ltr'><strong>sociis,</strong></span> <span class='ocrx_word' id='word_1_26' title='bbox 441 372 466 412; x_wconf 88' lang='lat' dir='ltr'><strong>et</strong></span> <span class='ocrx_word' id='word_1_27' title='bbox 482 365 565 411; x_wconf 88' lang='lat' dir='ltr'><strong>sumtui</strong></span> <span class='ocrx_word' id='word_1_28' title='bbox 577 363 707 425; x_wconf 69' lang='lat' dir='ltr'><strong>reipublice</strong></span> <span class='ocrx_word' id='word_1_29' title='bbox 718 371 809 410; x_wconf 79' lang='lat' dir='ltr'><strong>essent.</strong></span> 
     </span>
     <span class='ocr_line' id='line_1_5' title="bbox 76 428 811 490; baseline -0.014 -5"><span class='ocrx_word' id='word_1_30' title='bbox 76 457 80 467; x_wconf 92' lang='lat'>·</span> <span class='ocrx_word' id='word_1_31' title='bbox 123 431 157 484; x_wconf 85' lang='lat' dir='ltr'><strong>Et</strong></span> <span class='ocrx_word' id='word_1_32' title='bbox 178 431 215 479; x_wconf 90' lang='lat' dir='ltr'><strong>Ti.</strong></span> <span class='ocrx_word' id='word_1_33' title='bbox 236 433 353 480; x_wconf 84' lang='lat' dir='ltr'>Gracchus</span> <span class='ocrx_word' id='word_1_34' title='bbox 371 447 385 477; x_wconf 91' lang='lat' dir='ltr'><strong>a</strong></span> <span class='ocrx_word' id='word_1_35' title='bbox 405 429 486 478; x_wconf 86' lang='lat' dir='ltr'><strong>Cumis</strong></span> <span class='ocrx_word' id='word_1_36' title='bbox 508 429 628 476; x_wconf 87' lang='lat' dir='ltr'><strong>Luceriam</strong></span> <span class='ocrx_word' id='word_1_37' title='bbox 649 429 674 474; x_wconf 91' lang='lat' dir='ltr'><strong>in</strong></span> <span class='ocrx_word' id='word_1_38' title='bbox 697 428 811 490; x_wconf 81' lang='lat' dir='ltr'><strong>Apuliam</strong></span> 
     </span>
     <span class='ocr_line' id='line_1_6' title="bbox 122 493 811 562; baseline -0.006 -18"><span class='ocrx_word' id='word_1_39' title='bbox 122 499 224 562; x_wconf 76' lang='lat' dir='ltr'>legiones</span> <span class='ocrx_word' id='word_1_40' title='bbox 243 513 293 544; x_wconf 88' lang='lat' dir='ltr'><strong>cum</strong></span> <span class='ocrx_word' id='word_1_41' title='bbox 315 497 423 550; x_wconf 82' lang='lat' dir='ltr'><strong>duxisset,</strong></span> <span class='ocrx_word' id='word_1_42' title='bbox 441 495 478 541; x_wconf 89' lang='lat' dir='ltr'><strong>M.</strong></span> <span class='ocrx_word' id='word_1_43' title='bbox 490 494 606 540; x_wconf 89' lang='lat' dir='ltr'><strong>Valerium</strong></span> <span class='ocrx_word' id='word_1_44' title='bbox 617 493 672 539; x_wconf 91' lang='lat' dir='ltr'><strong>inde</strong></span> <span class='ocrx_word' id='word_1_45' title='bbox 682 501 811 555; x_wconf 83' lang='lat' dir='ltr'><strong>praetnrcna</strong></span> 
     </span>
     <span class='ocr_line' id='line_1_7' title="bbox 123 557 809 621; baseline -0.01 -9"><span class='ocrx_word' id='word_1_46' title='bbox 123 563 278 616; x_wconf 87' lang='lat' dir='ltr'><strong>Brundisium,</strong></span> <span class='ocrx_word' id='word_1_47' title='bbox 295 576 348 607; x_wconf 90' lang='lat' dir='ltr'><strong>cum</strong></span> <span class='ocrx_word' id='word_1_48' title='bbox 367 577 402 615; x_wconf 89' lang='lat' dir='ltr'><strong>ec,</strong></span> <span class='ocrx_word' id='word_1_49' title='bbox 423 575 490 621; x_wconf 91' lang='lat' dir='ltr'><strong>quem</strong></span> <span class='ocrx_word' id='word_1_50' title='bbox 506 557 611 606; x_wconf 86' lang='lat' dir='ltr'><strong>Luceriae</strong></span> <span class='ocrx_word' id='word_1_51' title='bbox 628 559 747 613; x_wconf 74' lang='lat' dir='ltr'><strong>habuerat,</strong></span> <span class='ocrx_word' id='word_1_52' title='bbox 767 574 809 605; x_wconf 88' lang='lat' dir='ltr'><strong>ex·</strong></span> 
     </span>
     <span class='ocr_line' id='line_1_8' title="bbox 124 615 811 686; baseline -0.007 -12"><span class='ocrx_word' id='word_1_53' title='bbox 124 628 196 674; x_wconf 90' lang='lat' dir='ltr'><strong>ercitu</strong></span> <span class='ocrx_word' id='word_1_54' title='bbox 213 628 280 678; x_wconf 85' lang='lat' dir='ltr'>misit,</span> <span class='ocrx_word' id='word_1_55' title='bbox 298 615 400 686; x_wconf 84' lang='lat' dir='ltr'><strong>t&#39;uerique</strong></span> <span class='ocrx_word' id='word_1_56' title='bbox 416 641 479 671; x_wconf 89' lang='lat' dir='ltr'><strong>oram</strong></span> <span class='ocrx_word' id='word_1_57' title='bbox 496 624 545 686; x_wconf 84' lang='lat' dir='ltr'><strong>egri</strong></span> <span class='ocrx_word' id='word_1_58' title='bbox 562 623 689 676; x_wconf 80' lang='lat' dir='ltr'><strong>Sallentini,</strong></span> <span class='ocrx_word' id='word_1_59' title='bbox 710 631 736 670; x_wconf 85' lang='lat' dir='ltr'><strong>et</strong></span> <span class='ocrx_word' id='word_1_60' title='bbox 755 639 811 685; x_wconf 86' lang='lat' dir='ltr'><strong>prn-</strong></span> 
     </span>
     <span class='ocr_line' id='line_1_9' title="bbox 123 687 810 753; baseline -0.009 -14"><span class='ocrx_word' id='word_1_61' title='bbox 123 693 207 746; x_wconf 79' lang='lat' dir='ltr'><strong>videre‚</strong></span> <span class='ocrx_word' id='word_1_62' title='bbox 224 692 285 753; x_wconf 90' lang='lat' dir='ltr'><strong>quod</strong></span> <span class='ocrx_word' id='word_1_63' title='bbox 302 692 329 738; x_wconf 86' lang='lat' dir='ltr'><strong>sd</strong></span> <span class='ocrx_word' id='word_1_64' title='bbox 343 691 472 751; x_wconf 87' lang='lat' dir='ltr'><strong>Philippum</strong></span> <span class='ocrx_word' id='word_1_65' title='bbox 488 689 615 748; x_wconf 84' lang='lat' dir='ltr'>bellumque</span> <span class='ocrx_word' id='word_1_66' title='bbox 627 687 810 748; x_wconf 75' lang='lat' dir='ltr'><strong>Macedonicum</strong></span> 
     </span>
     <span class='ocr_line' id='line_1_10' title="bbox 124 751 810 818; baseline -0.009 -14"><span class='ocrx_word' id='word_1_67' title='bbox 124 758 235 810; x_wconf 72' lang='lat' dir='ltr'><strong>attineret,</strong></span> <span class='ocrx_word' id='word_1_68' title='bbox 249 757 324 818; x_wconf 86' lang='lat' dir='ltr'><strong>jussit.</strong></span> <span class='ocrx_word' id='word_1_69' title='bbox 354 755 428 800; x_wconf 87' lang='lat' dir='ltr'><strong>Exitu</strong></span> <span class='ocrx_word' id='word_1_70' title='bbox 445 755 530 800; x_wconf 82' lang='lat' dir='ltr'><strong>aestatis</strong></span> <span class='ocrx_word' id='word_1_71' title='bbox 546 751 660 815; x_wconf 72' lang='lat' dir='ltr'><strong>ejusqui</strong></span> <span class='ocrx_word' id='word_1_72' title='bbox 674 754 727 799; x_wconf 76' lang='lat' dir='ltr'><strong>base</strong></span> <span class='ocrx_word' id='word_1_73' title='bbox 742 762 810 815; x_wconf 74' lang='lat' dir='ltr'><strong>gesta</strong></span> 
     </span>
     <span class='ocr_line' id='line_1_11' title="bbox 124 817 809 886; baseline -0.001 -20"><span class='ocrx_word' id='word_1_74' title='bbox 124 821 299 886; x_wconf 70' lang='lat' dir='ltr'><strong>perscripsimus,</strong></span> <span class='ocrx_word' id='word_1_75' title='bbox 315 819 387 866; x_wconf 75' lang='lat' dir='ltr'><strong>litere</strong></span> <span class='ocrx_word' id='word_1_76' title='bbox 402 835 416 868; x_wconf 87' lang='lat' dir='ltr'><strong>e</strong></span> <span class='ocrx_word' id='word_1_77' title='bbox 433 817 463 865; x_wconf 85' lang='lat' dir='ltr'><strong>P.</strong></span> <span class='ocrx_word' id='word_1_78' title='bbox 487 825 510 866; x_wconf 87' lang='lat' dir='ltr'><strong>et</strong></span> <span class='ocrx_word' id='word_1_79' title='bbox 530 817 574 866; x_wconf 85' lang='lat' dir='ltr'><strong>Cn.</strong></span> <span class='ocrx_word' id='word_1_80' title='bbox 601 818 748 879; x_wconf 90' lang='lat' dir='ltr'><strong>Scipionibus</strong></span> <span class='ocrx_word' id='word_1_81' title='bbox 769 835 809 865; x_wconf 81' lang='lat' dir='ltr'><strong>ve·</strong></span> 
     </span>
     <span class='ocr_line' id='line_1_12' title="bbox 125 882 810 946; baseline -0.003 -14"><span class='ocrx_word' id='word_1_82' title='bbox 125 892 214 938; x_wconf 88' lang='lat' dir='ltr'><strong>nerunt,</strong></span> <span class='ocrx_word' id='word_1_83' title='bbox 226 891 329 946; x_wconf 85' lang='lat' dir='ltr'><strong>quantas,</strong></span> <span class='ocrx_word' id='word_1_84' title='bbox 342 899 455 944; x_wconf 89' lang='lat' dir='ltr'><strong>quamque</strong></span> <span class='ocrx_word' id='word_1_85' title='bbox 471 897 589 945; x_wconf 82' lang='lat' dir='ltr'><strong>prosperas</strong></span> <span class='ocrx_word' id='word_1_86' title='bbox 600 883 626 928; x_wconf 90' lang='lat' dir='ltr'><strong>in</strong></span> <span class='ocrx_word' id='word_1_87' title='bbox 638 882 757 944; x_wconf 71' lang='lat' dir='ltr'><strong>Hispania</strong></span> <span class='ocrx_word' id='word_1_88' title='bbox 773 899 810 930; x_wconf 85' lang='lat' dir='ltr'><strong>res</strong></span> 
     </span>
     <span class='ocr_line' id='line_1_13' title="bbox 125 948 811 1013; baseline 0 -17"><span class='ocrx_word' id='word_1_89' title='bbox 125 951 260 1013; x_wconf 80' lang='lat' dir='ltr'><strong>gessissent:</strong></span> <span class='ocrx_word' id='word_1_90' title='bbox 285 948 325 994; x_wconf 86' lang='lat' dir='ltr'><strong>aed</strong></span> <span class='ocrx_word' id='word_1_91' title='bbox 342 949 460 1010; x_wconf 87' lang='lat' dir='ltr'><strong>pecuniam</strong></span> <span class='ocrx_word' id='word_1_92' title='bbox 475 950 499 994; x_wconf 94' lang='lat' dir='ltr'><strong>in</strong></span> <span class='ocrx_word' id='word_1_93' title='bbox 519 948 662 1010; x_wconf 85' lang='lat' dir='ltr'><strong>stipendium,</strong></span> <span class='ocrx_word' id='word_1_94' title='bbox 683 949 811 996; x_wconf 87' lang='lat' dir='ltr'><strong>vestimen-</strong></span> 
     </span>
     <span class='ocr_line' id='line_1_14' title="bbox 92 1012 812 1076; baseline 0 -16"><span class='ocrx_word' id='word_1_95' title='bbox 92 1055 96 1060; x_wconf 87' lang='lat'><em>.</em></span> <span class='ocrx_word' id='word_1_96' title='bbox 126 1023 198 1076; x_wconf 84' lang='lat' dir='ltr'><strong>teque,</strong></span> <span class='ocrx_word' id='word_1_97' title='bbox 221 1021 245 1060; x_wconf 90' lang='lat' dir='ltr'><strong>et</strong></span> <span class='ocrx_word' id='word_1_98' title='bbox 262 1012 402 1060; x_wconf 87' lang='lat' dir='ltr'><strong>frumentum</strong></span> <span class='ocrx_word' id='word_1_99' title='bbox 419 1013 534 1066; x_wconf 87' lang='lat' dir='ltr'><strong>exercitui,</strong></span> <span class='ocrx_word' id='word_1_100' title='bbox 558 1020 581 1059; x_wconf 91' lang='lat' dir='ltr'><strong>et</strong></span> <span class='ocrx_word' id='word_1_101' title='bbox 603 1013 669 1059; x_wconf 86' lang='lat' dir='ltr'><strong>sociis</strong></span> <span class='ocrx_word' id='word_1_102' title='bbox 691 1014 812 1060; x_wconf 83' lang='lat' dir='ltr'><strong>navalibus</strong></span> 
     </span>
     <span class='ocr_line' id='line_1_15' title="bbox 126 1076 811 1140; baseline 0 -14"><span class='ocrx_word' id='word_1_103' title='bbox 126 1079 208 1132; x_wconf 86' lang='lat' dir='ltr'><strong>omnia,</strong></span> <span class='ocrx_word' id='word_1_104' title='bbox 233 1079 318 1126; x_wconf 80' lang='lat' dir='ltr'><strong>deesse.</strong></span> <span class='ocrx_word' id='word_1_105' title='bbox 360 1078 430 1132; x_wconf 83' lang='lat' dir='ltr'><strong>Quod</strong></span> <span class='ocrx_word' id='word_1_106' title='bbox 451 1079 480 1126; x_wconf 83' lang='lat' dir='ltr'><strong>ad</strong></span> <span class='ocrx_word' id='word_1_107' title='bbox 502 1076 637 1140; x_wconf 79' lang='lat' dir='ltr'><strong>stipendium</strong></span> <span class='ocrx_word' id='word_1_108' title='bbox 659 1080 765 1132; x_wconf 85' lang='lat' dir='ltr'><strong>attineat,</strong></span> <span class='ocrx_word' id='word_1_109' title='bbox 791 1079 811 1126; x_wconf 87' lang='lat' dir='ltr'><strong>si</strong></span> 
     </span>
     <span class='ocr_line' id='line_1_16' title="bbox 127 1141 809 1205; baseline -0.001 -14"><span class='ocrx_word' id='word_1_110' title='bbox 127 1145 230 1192; x_wconf 84' lang='lat' dir='ltr'><strong>aerarium</strong></span> <span class='ocrx_word' id='word_1_111' title='bbox 250 1144 316 1205; x_wconf 89' lang='lat' dir='ltr'><strong>inops</strong></span> <span class='ocrx_word' id='word_1_112' title='bbox 332 1150 398 1197; x_wconf 85' lang='lat' dir='ltr'><strong>esset,</strong></span> <span class='ocrx_word' id='word_1_113' title='bbox 419 1159 444 1190; x_wconf 87' lang='lat' dir='ltr'><strong>se</strong></span> <span class='ocrx_word' id='word_1_114' title='bbox 460 1141 556 1203; x_wconf 87' lang='lat' dir='ltr'><strong>aliquam</strong></span> <span class='ocrx_word' id='word_1_115' title='bbox 573 1144 683 1190; x_wconf 86' lang='lat' dir='ltr'><strong>rationem</strong></span> <span class='ocrx_word' id='word_1_116' title='bbox 703 1145 809 1198; x_wconf 82' lang='lat' dir='ltr'><strong>inituros.</strong></span> 
     </span>
     <span class='ocr_line' id='line_1_17' title="bbox 127 1208 812 1272; baseline 0 -16"><span class='ocrx_word' id='word_1_117' title='bbox 127 1224 172 1272; x_wconf 86' lang='lat' dir='ltr'><strong>quo</strong></span> <span class='ocrx_word' id='word_1_118' title='bbox 191 1209 259 1255; x_wconf 90' lang='lat' dir='ltr'><strong>modo</strong></span> <span class='ocrx_word' id='word_1_119' title='bbox 278 1210 306 1255; x_wconf 84' lang='lat' dir='ltr'><strong>ab</strong></span> <span class='ocrx_word' id='word_1_120' title='bbox 323 1208 433 1269; x_wconf 86' lang='lat' dir='ltr'><strong>Hispanis</strong></span> <span class='ocrx_word' id='word_1_121' title='bbox 456 1215 559 1254; x_wconf 84' lang='lat' dir='ltr'><strong>sumant:</strong></span> <span class='ocrx_word' id='word_1_122' title='bbox 577 1215 663 1254; x_wconf 81' lang='lat' dir='ltr'><strong>eaetera</strong></span> <span class='ocrx_word' id='word_1_123' title='bbox 681 1209 763 1269; x_wconf 86' lang='lat' dir='ltr'><strong>utique</strong></span> <span class='ocrx_word' id='word_1_124' title='bbox 784 1211 812 1256; x_wconf 88' lang='lat' dir='ltr'><strong>ab</strong></span> 
     </span>
     <span class='ocr_line' id='line_1_18' title="bbox 71 1271 811 1330; baseline -0.001 -10"><span class='ocrx_word' id='word_1_125' title='bbox 71 1273 84 1284; x_wconf 64' lang='lat'>⁸</span> <span class='ocrx_word' id='word_1_126' title='bbox 127 1271 205 1320; x_wconf 75' lang='lat' dir='ltr'><strong>Romi</strong></span> <span class='ocrx_word' id='word_1_127' title='bbox 221 1273 329 1320; x_wconf 87' lang='lat' dir='ltr'><strong>mittenda</strong></span> <span class='ocrx_word' id='word_1_128' title='bbox 346 1288 410 1328; x_wconf 88' lang='lat' dir='ltr'><strong>esse;</strong></span> <span class='ocrx_word' id='word_1_129' title='bbox 433 1287 477 1318; x_wconf 91' lang='lat' dir='ltr'><strong>nec</strong></span> <span class='ocrx_word' id='word_1_130' title='bbox 495 1271 559 1320; x_wconf 83' lang='lat' dir='ltr'><strong>aliter</strong></span> <span class='ocrx_word' id='word_1_131' title='bbox 574 1279 614 1330; x_wconf 84' lang='lat' dir='ltr'><strong>aut</strong></span> <span class='ocrx_word' id='word_1_132' title='bbox 628 1273 756 1323; x_wconf 81' lang='lat' dir='ltr'><strong>exercitum</strong></span> <span class='ocrx_word' id='word_1_133' title='bbox 773 1281 811 1321; x_wconf 84' lang='lat' dir='ltr'><strong>aut</strong></span> 
     </span>
     <span class='ocr_line' id='line_1_19' title="bbox 128 1335 812 1401; baseline 0.003 -17"><span class='ocrx_word' id='word_1_134' title='bbox 128 1339 267 1401; x_wconf 77' lang='lat' dir='ltr'><strong>provinciam</strong></span> <span class='ocrx_word' id='word_1_135' title='bbox 289 1337 380 1385; x_wconf 85' lang='lat' dir='ltr'><strong>retineri</strong></span> <span class='ocrx_word' id='word_1_136' title='bbox 400 1352 475 1398; x_wconf 89' lang='lat' dir='ltr'><strong>posse.</strong></span> <span class='ocrx_word' id='word_1_137' title='bbox 508 1335 593 1383; x_wconf 89' lang='lat' dir='ltr'><strong>Literis</strong></span> <span class='ocrx_word' id='word_1_138' title='bbox 614 1338 721 1391; x_wconf 84' lang='lat' dir='ltr'><strong>recitatis,</strong></span> <span class='ocrx_word' id='word_1_139' title='bbox 743 1353 812 1390; x_wconf 87' lang='lat' dir='ltr'><strong>nemu</strong></span> 
     </span>
     <span class='ocr_line' id='line_1_20' title="bbox 100 1402 813 1464; baseline 0 -14"><span class='ocrx_word' id='word_1_140' title='bbox 100 1415 102 1423; x_wconf 78' lang='grc'>’</span> <span class='ocrx_word' id='word_1_141' title='bbox 129 1405 229 1451; x_wconf 88' lang='lat' dir='ltr'><strong>omnium</strong></span> <span class='ocrx_word' id='word_1_142' title='bbox 241 1409 295 1462; x_wconf 73' lang='lat' dir='ltr'><strong>erat,</strong></span> <span class='ocrx_word' id='word_1_143' title='bbox 312 1403 366 1464; x_wconf 91' lang='lat' dir='ltr'><strong>quin</strong></span> <span class='ocrx_word' id='word_1_144' title='bbox 382 1409 405 1449; x_wconf 88' lang='lat' dir='ltr'><strong>et</strong></span> <span class='ocrx_word' id='word_1_145' title='bbox 420 1417 475 1453; x_wconf 86' lang='lat' dir='ltr'><strong>vera</strong></span> <span class='ocrx_word' id='word_1_146' title='bbox 489 1402 561 1458; x_wconf 77' lang='lat' dir='ltr'><strong>scribi,</strong></span> <span class='ocrx_word' id='word_1_147' title='bbox 582 1408 606 1448; x_wconf 90' lang='lat' dir='ltr'><strong>et</strong></span> <span class='ocrx_word' id='word_1_148' title='bbox 620 1403 730 1464; x_wconf 85' lang='lat' dir='ltr'><strong>postulari</strong></span> <span class='ocrx_word' id='word_1_149' title='bbox 739 1419 813 1464; x_wconf 81' lang='lat' dir='ltr'><strong>sequa,</strong></span> 
     </span>
     <span class='ocr_line' id='line_1_21' title="bbox 127 1467 813 1528; baseline 0 -11"><span class='ocrx_word' id='word_1_150' title='bbox 127 1467 252 1517; x_wconf 74' lang='lat' dir='ltr'><strong>fateretur:</strong></span> <span class='ocrx_word' id='word_1_151' title='bbox 277 1468 317 1517; x_wconf 88' lang='lat' dir='ltr'><strong>sed</strong></span> <span class='ocrx_word' id='word_1_152' title='bbox 335 1467 466 1515; x_wconf 82' lang='lat' dir='ltr'><strong>occurrebat</strong></span> <span class='ocrx_word' id='word_1_153' title='bbox 479 1467 567 1522; x_wconf 86' lang='lat' dir='ltr'><strong>animis,</strong></span> <span class='ocrx_word' id='word_1_154' title='bbox 583 1475 681 1528; x_wconf 82' lang='lat' dir='ltr'><strong>quantos</strong></span> <span class='ocrx_word' id='word_1_155' title='bbox 699 1470 813 1517; x_wconf 61' lang='lat' dir='ltr'><strong>&amp;ercitus</strong></span> 
     </span>
     <span class='ocr_line' id='line_1_22' title="bbox 128 1534 813 1595; baseline -0.001 -12"><span class='ocrx_word' id='word_1_156' title='bbox 128 1542 246 1583; x_wconf 80' lang='lat' dir='ltr'><strong>terrestres</strong></span> <span class='ocrx_word' id='word_1_157' title='bbox 274 1534 407 1595; x_wconf 83' lang='lat' dir='ltr'><strong>naualesque</strong></span> <span class='ocrx_word' id='word_1_158' title='bbox 439 1539 562 1589; x_wconf 84' lang='lat' dir='ltr'><strong>tuerentur,</strong></span> <span class='ocrx_word' id='word_1_159' title='bbox 591 1540 719 1594; x_wconf 84' lang='lat' dir='ltr'><strong>quantaque</strong></span> <span class='ocrx_word' id='word_1_160' title='bbox 752 1550 813 1583; x_wconf 83' lang='lat' dir='ltr'><strong>nova</strong></span> 
     </span>
     <span class='ocr_line' id='line_1_23' title="bbox 130 1598 810 1662; baseline -0.001 -15"><span class='ocrx_word' id='word_1_161' title='bbox 130 1600 207 1647; x_wconf 87' lang='lat' dir='ltr'><strong>classis</strong></span> <span class='ocrx_word' id='word_1_162' title='bbox 224 1614 279 1647; x_wconf 87' lang='lat' dir='ltr'><strong>mox</strong></span> <span class='ocrx_word' id='word_1_163' title='bbox 297 1599 395 1662; x_wconf 82' lang='lat' dir='ltr'><strong>peranda</strong></span> <span class='ocrx_word' id='word_1_164' title='bbox 411 1604 479 1651; x_wconf 89' lang='lat' dir='ltr'><strong>esset,</strong></span> <span class='ocrx_word' id='word_1_165' title='bbox 499 1598 617 1651; x_wconf 83' lang='lat' dir='ltr'><strong>sibellum</strong></span> <span class='ocrx_word' id='word_1_166' title='bbox 633 1598 810 1649; x_wconf 78' lang='lat' dir='ltr'><strong>Macedonicum</strong></span> 
     </span>
     <span class='ocr_line' id='line_1_24' title="bbox 130 1662 809 1724; baseline 0.003 -13"><span class='ocrx_word' id='word_1_167' title='bbox 130 1671 265 1721; x_wconf 77' lang='lat' dir='ltr'><strong>moveretur·</strong></span> <span class='ocrx_word' id='word_1_168' title='bbox 306 1665 404 1711; x_wconf 86' lang='lat' dir='ltr'><strong>Siciliam</strong></span> <span class='ocrx_word' id='word_1_169' title='bbox 416 1678 441 1709; x_wconf 86' lang='lat' dir='ltr'><strong>ac</strong></span> <span class='ocrx_word' id='word_1_170' title='bbox 454 1662 586 1717; x_wconf 82' lang='lat' dir='ltr'><strong>Sardiniam,</strong></span> <span class='ocrx_word' id='word_1_171' title='bbox 599 1678 651 1724; x_wconf 87' lang='lat' dir='ltr'><strong>quae</strong></span> <span class='ocrx_word' id='word_1_172' title='bbox 661 1671 715 1711; x_wconf 89' lang='lat' dir='ltr'><strong>ante</strong></span> <span class='ocrx_word' id='word_1_173' title='bbox 724 1664 809 1713; x_wconf 77' lang='lat' dir='ltr'><strong>bdluar</strong></span> 
     </span>
    </p>
   </div>
   <div class='ocr_carea' id='block_1_3' title="bbox 129 1727 892 1792">
    <p class='ocr_par' dir='ltr' id='par_1_3' title="bbox 129 1727 892 1792">
     <span class='ocr_line' id='line_1_25' title="bbox 129 1727 892 1792; baseline -0.009 -15"><span class='ocrx_word' id='word_1_174' title='bbox 129 1730 252 1792; x_wconf 82' lang='lat' dir='ltr'><strong>vectigales</strong></span> <span class='ocrx_word' id='word_1_175' title='bbox 270 1728 372 1783; x_wconf 78' lang='lat' dir='ltr'><strong>tuissent,</strong></span> <span class='ocrx_word' id='word_1_176' title='bbox 395 1728 435 1775; x_wconf 83' lang='lat' dir='ltr'><strong>uix</strong></span> <span class='ocrx_word' id='word_1_177' title='bbox 452 1727 560 1789; x_wconf 72' lang='lat' dir='ltr'><strong>presides</strong></span> <span class='ocrx_word' id='word_1_178' title='bbox 581 1729 749 1789; x_wconf 82' lang='lat' dir='ltr'><strong>provinciarum</strong></span> <span class='ocrx_word' id='word_1_179' title='bbox 768 1746 808 1777; x_wconf 77' lang='lat' dir='ltr'><strong>ex.</strong></span> <span class='ocrx_word' id='word_1_180' title='bbox 891 1777 892 1784; x_wconf 10' lang='grc' dir='ltr'>ἵ</span> 
     </span>
    </p>
   </div>
   <div class='ocr_carea' id='block_1_4' title="bbox 130 1792 808 1921">
    <p class='ocr_par' dir='ltr' id='par_1_4' title="bbox 130 1792 808 1921">
     <span class='ocr_line' id='line_1_26' title="bbox 130 1792 808 1855; baseline 0.003 -15"><span class='ocrx_word' id='word_1_181' title='bbox 130 1794 213 1841; x_wconf 88' lang='lat' dir='ltr'><strong>ercitus</strong></span> <span class='ocrx_word' id='word_1_182' title='bbox 239 1792 313 1841; x_wconf 82' lang='lat' dir='ltr'><strong>alere:</strong></span> <span class='ocrx_word' id='word_1_183' title='bbox 347 1794 430 1840; x_wconf 86' lang='lat' dir='ltr'><strong>tributo</strong></span> <span class='ocrx_word' id='word_1_184' title='bbox 457 1800 545 1839; x_wconf 88' lang='lat' dir='ltr'><strong>sumtus</strong></span> <span class='ocrx_word' id='word_1_185' title='bbox 575 1793 725 1855; x_wconf 83' lang='lat' dir='ltr'><strong>suppeditari:</strong></span> <span class='ocrx_word' id='word_1_186' title='bbox 755 1810 808 1843; x_wconf 80' lang='lat' dir='ltr'><strong>cusa</strong></span> 
     </span>
     <span class='ocr_line' id='line_1_27' title="bbox 130 1856 807 1921; baseline 0.001 -14"><span class='ocrx_word' id='word_1_187' title='bbox 130 1859 204 1921; x_wconf 86' lang='lat' dir='ltr'><strong>ipsum</strong></span> <span class='ocrx_word' id='word_1_188' title='bbox 226 1859 333 1906; x_wconf 88' lang='lat' dir='ltr'><strong>tributum</strong></span> <span class='ocrx_word' id='word_1_189' title='bbox 355 1856 518 1905; x_wconf 77' lang='lat' dir='ltr'><strong>conferentium</strong></span> <span class='ocrx_word' id='word_1_190' title='bbox 538 1872 658 1905; x_wconf 89' lang='lat' dir='ltr'><strong>numerum</strong></span> <span class='ocrx_word' id='word_1_191' title='bbox 676 1859 746 1908; x_wconf 77' lang='lat' dir='ltr'><strong>uuas</strong></span> <span class='ocrx_word' id='word_1_192' title='bbox 766 1876 807 1908; x_wconf 84' lang='lat' dir='ltr'><strong>ex·</strong></span> 
     </span>
    </p>
   </div>
   <div class='ocr_carea' id='block_1_5' title="bbox 131 1919 892 1984">
    <p class='ocr_par' dir='ltr' id='par_1_5' title="bbox 131 1919 892 1984">
     <span class='ocr_line' id='line_1_28' title="bbox 131 1919 892 1984; baseline 0.004 -13"><span class='ocrx_word' id='word_1_193' title='bbox 131 1924 240 1979; x_wconf 67' lang='lat' dir='ltr'><strong>eucituum</strong></span> <span class='ocrx_word' id='word_1_194' title='bbox 257 1924 376 1984; x_wconf 74' lang='lat' dir='ltr'><strong>stragibus,</strong></span> <span class='ocrx_word' id='word_1_195' title='bbox 390 1930 413 1971; x_wconf 87' lang='lat' dir='ltr'><strong>et</strong></span> <span class='ocrx_word' id='word_1_196' title='bbox 430 1923 459 1969; x_wconf 89' lang='lat' dir='ltr'><strong>ad</strong></span> <span class='ocrx_word' id='word_1_197' title='bbox 474 1921 632 1969; x_wconf 84' lang='lat' dir='ltr'><strong>Trasimenum</strong></span> <span class='ocrx_word' id='word_1_198' title='bbox 651 1924 727 1970; x_wconf 84' lang='lat' dir='ltr'><strong>lacum</strong></span> <span class='ocrx_word' id='word_1_199' title='bbox 741 1932 766 1972; x_wconf 87' lang='lat' dir='ltr'><strong>et</strong></span> <span class='ocrx_word' id='word_1_200' title='bbox 780 1926 808 1973; x_wconf 86' lang='lat' dir='ltr'><strong>ad</strong></span> <span class='ocrx_word' id='word_1_201' title='bbox 891 1919 892 1922; x_wconf 28' lang='lat'>¹</span> 
     </span>
    </p>
   </div>
   <div class='ocr_carea' id='block_1_6' title="bbox 114 1986 810 2635">
    <p class='ocr_par' dir='ltr' id='par_1_6' title="bbox 114 1986 810 2635">
     <span class='ocr_line' id='line_1_29' title="bbox 133 1986 806 2051; baseline 0.004 -14"><span class='ocrx_word' id='word_1_202' title='bbox 133 1986 231 2041; x_wconf 73' lang='lat' dir='ltr'><strong>Omnis,</strong></span> <span class='ocrx_word' id='word_1_203' title='bbox 240 1987 386 2035; x_wconf 82' lang='lat' dir='ltr'><strong>imminutum</strong></span> <span class='ocrx_word' id='word_1_204' title='bbox 391 2004 399 2045; x_wconf 71' lang='grc' dir='ltr'><strong>ς</strong></span> <span class='ocrx_word' id='word_1_205' title='bbox 417 1994 473 2041; x_wconf 87' lang='lat' dir='ltr'><strong>tum,</strong></span> <span class='ocrx_word' id='word_1_206' title='bbox 489 1988 529 2048; x_wconf 85' lang='lat' dir='ltr'><strong>qui</strong></span> <span class='ocrx_word' id='word_1_207' title='bbox 544 1996 688 2049; x_wconf 80' lang='lat' dir='ltr'><strong>superessent</strong></span> <span class='ocrx_word' id='word_1_208' title='bbox 703 1990 806 2051; x_wconf 64' lang='lat' dir='ltr'><strong>paucis</strong></span> 
     </span>
     <span class='ocr_line' id='line_1_30' title="bbox 132 2051 803 2115; baseline 0.007 -17"><span class='ocrx_word' id='word_1_209' title='bbox 132 2052 247 2115; x_wconf 81' lang='lat' dir='ltr'><strong>multiplici</strong></span> <span class='ocrx_word' id='word_1_210' title='bbox 257 2059 405 2114; x_wconf 73' lang='lat' dir='ltr'><strong>gravarentur</strong></span> <span class='ocrx_word' id='word_1_211' title='bbox 420 2052 538 2115; x_wconf 86' lang='lat' dir='ltr'><strong>stipendio,</strong></span> <span class='ocrx_word' id='word_1_212' title='bbox 551 2051 595 2107; x_wconf 76' lang='lat' dir='ltr'><strong>alii</strong></span> <span class='ocrx_word' id='word_1_213' title='bbox 603 2054 717 2114; x_wconf 75' lang='lat' dir='ltr'><strong>petituros</strong></span> <span class='ocrx_word' id='word_1_214' title='bbox 727 2064 803 2115; x_wconf 82' lang='lat' dir='ltr'><strong>peste:</strong></span> 
     </span>
     <span class='ocr_line' id='line_1_31' title="bbox 131 2105 808 2229; baseline -0.001 -62"><span class='ocrx_word' id='word_1_215' title='bbox 131 2118 213 2179; x_wconf 83' lang='lat' dir='ltr'><strong>itaque,</strong></span> <span class='ocrx_word' id='word_1_216' title='bbox 234 2117 277 2165; x_wconf 90' lang='lat' dir='ltr'><strong>nisi</strong></span> <span class='ocrx_word' id='word_1_217' title='bbox 295 2105 339 2183; x_wconf 81' lang='lat' dir='ltr'><strong>lide</strong></span> <span class='ocrx_word' id='word_1_218' title='bbox 358 2124 427 2172; x_wconf 81' lang='lat' dir='ltr'><strong>staret</strong></span> <span class='ocrx_word' id='word_1_219' title='bbox 446 2118 576 2179; x_wconf 87' lang='lat' dir='ltr'><strong>respublica,</strong></span> <span class='ocrx_word' id='word_1_220' title='bbox 596 2119 677 2229; x_wconf 51' lang='lat' dir='ltr'><strong>aplius</strong></span> <span class='ocrx_word' id='word_1_221' title='bbox 695 2133 743 2168; x_wconf 87' lang='lat' dir='ltr'><strong>non</strong></span> <span class='ocrx_word' id='word_1_222' title='bbox 765 2128 808 2170; x_wconf 77' lang='lat' dir='ltr'><strong>sta-</strong></span> 
     </span>
     <span class='ocr_line' id='line_1_32' title="bbox 132 2180 809 2245; baseline 0.003 -16"><span class='ocrx_word' id='word_1_223' title='bbox 132 2188 213 2230; x_wconf 88' lang='lat' dir='ltr'><strong>turam.</strong></span> <span class='ocrx_word' id='word_1_224' title='bbox 246 2180 406 2229; x_wconf 89' lang='lat' dir='ltr'><strong>Prodeundurn</strong></span> <span class='ocrx_word' id='word_1_225' title='bbox 424 2182 449 2228; x_wconf 90' lang='lat' dir='ltr'><strong>in</strong></span> <span class='ocrx_word' id='word_1_226' title='bbox 467 2183 598 2229; x_wconf 69' lang='lat' dir='ltr'><strong>concion·</strong></span> <span class='ocrx_word' id='word_1_227' title='bbox 637 2183 700 2228; x_wconf 84' lang='lat' dir='ltr'><strong>ulvio</strong></span> <span class='ocrx_word' id='word_1_228' title='bbox 719 2187 809 2245; x_wconf 70' lang='lat' dir='ltr'><strong>meteri</strong></span> 
     </span>
     <span class='ocr_line' id='line_1_33' title="bbox 114 2247 809 2311; baseline 0.006 -18"><span class='ocrx_word' id='word_1_229' title='bbox 114 2263 189 2303; x_wconf 56' lang='lat' dir='ltr'><strong>wasa,</strong></span> <span class='ocrx_word' id='word_1_230' title='bbox 217 2247 345 2295; x_wconf 84' lang='lat' dir='ltr'><strong>indicandas</strong></span> <span class='ocrx_word' id='word_1_231' title='bbox 365 2248 449 2311; x_wconf 86' lang='lat' dir='ltr'><strong>populo</strong></span> <span class='ocrx_word' id='word_1_232' title='bbox 470 2247 568 2309; x_wconf 76' lang='lat' dir='ltr'><strong>publicas</strong></span> <span class='ocrx_word' id='word_1_233' title='bbox 590 2248 745 2302; x_wconf 65' lang='lat' dir='ltr'><strong>nacesn&#39;tatoe,</strong></span> <span class='ocrx_word' id='word_1_234' title='bbox 771 2266 809 2297; x_wconf 84' lang='lat' dir='ltr'><strong>en-</strong></span> 
     </span>
     <span class='ocr_line' id='line_1_34' title="bbox 132 2311 809 2375; baseline 0.007 -17"><span class='ocrx_word' id='word_1_235' title='bbox 132 2311 305 2374; x_wconf 85' lang='lat' dir='ltr'><strong>bcrtandosque,</strong></span> <span class='ocrx_word' id='word_1_236' title='bbox 314 2314 354 2375; x_wconf 86' lang='lat' dir='ltr'><strong>qui</strong></span> <span class='ocrx_word' id='word_1_237' title='bbox 366 2312 497 2361; x_wconf 85' lang='lat' dir='ltr'><strong>redemturis</strong></span> <span class='ocrx_word' id='word_1_238' title='bbox 507 2313 773 2374; x_wconf 74' lang='lat' dir='ltr'><strong>auxissentpttrinaunia.</strong></span> <span class='ocrx_word' id='word_1_239' title='bbox 784 2323 809 2363; x_wconf 87' lang='lat' dir='ltr'><strong>ut</strong></span> 
     </span>
     <span class='ocr_line' id='line_1_35' title="bbox 133 2375 810 2439; baseline 0.006 -18"><span class='ocrx_word' id='word_1_240' title='bbox 133 2377 266 2437; x_wconf 67' lang='lat' dir='ltr'><strong>reipublice,</strong></span> <span class='ocrx_word' id='word_1_241' title='bbox 283 2392 313 2425; x_wconf 86' lang='lat' dir='ltr'><strong>ex</strong></span> <span class='ocrx_word' id='word_1_242' title='bbox 334 2375 379 2439; x_wconf 74' lang='lat' dir='ltr'><strong>qui</strong></span> <span class='ocrx_word' id='word_1_243' title='bbox 399 2378 530 2431; x_wconf 83' lang='lat' dir='ltr'><strong>crevissent,</strong></span> <span class='ocrx_word' id='word_1_244' title='bbox 547 2378 576 2430; x_wconf 86' lang='lat' dir='ltr'><strong>ad</strong></span> <span class='ocrx_word' id='word_1_245' title='bbox 597 2384 687 2439; x_wconf 88' lang='lat' dir='ltr'><strong>tempus</strong></span> <span class='ocrx_word' id='word_1_246' title='bbox 708 2394 810 2429; x_wconf 73' lang='lat' dir='ltr'><strong>murmo-</strong></span> 
     </span>
     <span class='ocr_line' id='line_1_36' title="bbox 119 2439 809 2505; baseline 0.009 -18"><span class='ocrx_word' id='word_1_247' title='bbox 119 2439 228 2499; x_wconf 39' lang='lat' dir='ltr'><strong>rdarent3</strong></span> <span class='ocrx_word' id='word_1_248' title='bbox 247 2443 443 2505; x_wconf 83' lang='lat' dir='ltr'><strong>conducerentque</strong></span> <span class='ocrx_word' id='word_1_249' title='bbox 460 2440 487 2489; x_wconf 79' lang='lat' dir='ltr'><strong>eis</strong></span> <span class='ocrx_word' id='word_1_250' title='bbox 503 2442 556 2505; x_wconf 75' lang='lat' dir='ltr'><strong>lege</strong></span> <span class='ocrx_word' id='word_1_251' title='bbox 568 2443 696 2505; x_wconf 70' lang='lat' dir='ltr'><strong>praebenda,</strong></span> <span class='ocrx_word' id='word_1_252' title='bbox 714 2458 769 2505; x_wconf 79' lang='lat' dir='ltr'><strong>quse</strong></span> <span class='ocrx_word' id='word_1_253' title='bbox 782 2446 809 2493; x_wconf 86' lang='lat' dir='ltr'><strong>ad</strong></span> 
     </span>
     <span class='ocr_line' id='line_1_37' title="bbox 134 2506 809 2573; baseline 0.015 -25"><span class='ocrx_word' id='word_1_254' title='bbox 134 2506 256 2553; x_wconf 79' lang='lat' dir='ltr'><strong>exercitum</strong></span> <span class='ocrx_word' id='word_1_255' title='bbox 277 2506 451 2569; x_wconf 85' lang='lat' dir='ltr'><strong>Hispaniensem</strong></span> <span class='ocrx_word' id='word_1_256' title='bbox 468 2522 524 2569; x_wconf 87' lang='lat' dir='ltr'><strong>opus</strong></span> <span class='ocrx_word' id='word_1_257' title='bbox 544 2514 629 2561; x_wconf 80' lang='lat' dir='ltr'><strong>essent,</strong></span> <span class='ocrx_word' id='word_1_258' title='bbox 649 2515 683 2561; x_wconf 75' lang='lat' dir='ltr'><strong>ut</strong></span> <span class='ocrx_word' id='word_1_259' title='bbox 700 2524 753 2558; x_wconf 83' lang='lat' dir='ltr'><strong>cum</strong></span> <span class='ocrx_word' id='word_1_260' title='bbox 771 2526 809 2573; x_wconf 72' lang='lat' dir='ltr'><strong>pa</strong></span> 
     </span>
     <span class='ocr_line' id='line_1_38' title="bbox 134 2568 809 2635; baseline 0.021 -24"><span class='ocrx_word' id='word_1_261' title='bbox 134 2568 199 2617; x_wconf 88' lang='lat' dir='ltr'><strong>cunia</strong></span> <span class='ocrx_word' id='word_1_262' title='bbox 217 2570 240 2615; x_wconf 90' lang='lat' dir='ltr'><strong>iu</strong></span> <span class='ocrx_word' id='word_1_263' title='bbox 261 2573 339 2619; x_wconf 74' lang='lat' dir='ltr'><strong>erario</strong></span> <span class='ocrx_word' id='word_1_264' title='bbox 358 2578 424 2629; x_wconf 86' lang='lat' dir='ltr'><strong>esset,</strong></span> <span class='ocrx_word' id='word_1_265' title='bbox 443 2572 470 2619; x_wconf 85' lang='lat' dir='ltr'><strong>iis</strong></span> <span class='ocrx_word' id='word_1_266' title='bbox 488 2573 567 2635; x_wconf 87' lang='lat' dir='ltr'><strong>primis</strong></span> <span class='ocrx_word' id='word_1_267' title='bbox 583 2574 716 2623; x_wconf 76' lang='lat' dir='ltr'><strong>solveretur·</strong></span> <span class='ocrx_word' id='word_1_268' title='bbox 750 2574 809 2625; x_wconf 66' lang='lat' dir='ltr'><strong>linc</strong></span> 
     </span>
    </p>
   </div>
   <div class='ocr_carea' id='block_1_7' title="bbox 0 0 923 2950">
    <p class='ocr_par' dir='ltr' id='par_1_7' title="bbox 0 0 923 2950">
     <span class='ocr_line' id='line_1_39' title="bbox 0 0 923 2950; baseline 0 0"><span class='ocrx_word' id='word_1_269' title='bbox 0 0 923 2950; x_wconf 95' lang='lat' dir='ltr'><strong> </strong></span> 
     </span>
    </p>
   </div>
  </div>
 </body>
</html>
