1809 2950
173 135 220 178 rro
299 89 432 204 amun
449 128 564 181 Lars„
585 126 645 180 cir.
661 131 698 174 rs.
793 174 797 180 ,
887 87 888 94 ¹

172 268 261 314 uerunt,
273 260 438 308 nonianumis
446 261 526 314 solum,
539 259 655 322 sedprope
664 257 688 304 iu
699 255 769 304 oculis
777 271 842 304 esse:
887 279 888 302 ;

126 337 130 342 ’
173 333 196 372 et
211 341 260 373 sero
274 342 301 374 ao
316 324 469 388 nequidquam
480 325 569 372 laudare
584 324 643 372 senis
659 319 735 370 Pontii
750 329 845 384 utraque

173 391 279 449 consilia;
295 393 353 439 iuter
368 407 420 452 quae
433 407 458 438 se
473 391 545 436 media
558 390 632 451 lapsos
643 387 744 434 victoriae
754 402 845 448 posses-

171 455 258 504 sionem
268 472 323 518 paee
333 454 418 504 incerti
427 455 532 510 mutisse,
550 461 579 508 et,
596 451 698 500 beneficii
708 459 731 499 et
742 451 845 498 maleficii

172 520 289 568 occasione
299 519 387 574 amissi,
398 529 538 582 pugnaturos
549 535 600 568 cum
611 519 649 572 eis.
662 533 719 579 quos
729 517 845 579 potuerint

171 581 844 711 iinciuiliuuttluruulultu

173 711 298 762 Caudinam
313 730 390 776 pacem
401 716 470 762 animi
479 721 627 768 mutaverant,
645 721 670 760 ut
681 713 798 760 clariorem
808 713 844 758 in-

169 786 206 826 ter
216 779 334 826 Romanos
344 779 427 827 deditio
437 779 588 834 Postumium,
606 794 673 840 quam
685 776 794 824 Pontium
808 776 844 822 in·
887 795 888 808 π

171 850 264 890 cruenta
270 844 364 892 victoria
371 845 429 892 inter
440 846 559 901 Samnites,
571 843 667 894 taceret:
687 850 710 889 et
720 842 768 905 geri
776 856 844 904 posse

169 907 252 954 bellum
263 907 363 956 Romani
372 926 414 971 pro
424 908 518 956 victorii
528 907 589 958 certi
598 910 711 959 haberent,
730 907 843 953 Samnites

133 1007 147 1020 ,
170 971 238 1018 simul
248 971 365 1022 rebellissc
372 983 395 1021 et
406 975 486 1022 vicisse
497 974 612 1022 crederent
620 973 757 1020 Romanum.
778 969 843 1017 Inter

170 1037 220 1084 baec
237 1036 346 1087 Satricani
361 1040 390 1086 ad
405 1039 517 1086 Samnites
531 1038 673 1096 deieceruut3
688 1045 714 1083 et
729 1033 844 1098 Fregellae

103 1124 115 1167 j
169 1101 258 1150 colonia
272 1105 406 1165 necopinato
416 1104 515 1150 adventu
526 1103 660 1152 Samnitium
672 1100 752 1165 (fnisse
762 1109 786 1148 et
802 1101 843 1148 Sa-

169 1166 268 1214 tricanos
285 1184 336 1214 cum
352 1166 383 1214 iis
394 1168 448 1216 satis
466 1165 565 1228 constat)
586 1174 652 1214 nocte
671 1170 779 1228 occupata
798 1171 839 1212 est.

169 1230 250 1280 :timor
263 1233 315 1280 inde
328 1241 421 1280 mutnus
431 1240 537 1293 utrosque
550 1248 621 1293 usque
631 1233 659 1278 ad
669 1232 743 1278 lucem
754 1231 843 1292 quietos
887 1279 888 1282 ,

169 1297 254 1344 tenuit:
279 1298 321 1346 lux
335 1313 419 1360 pugnae
437 1297 524 1344 initium
543 1295 600 1356 fuit3
624 1313 690 1358 quam
707 1295 843 1358 aliquamdiu
887 1311 888 1314 ¹

169 1377 264 1424 aequam,
283 1369 307 1410 et
316 1365 370 1424 quia
379 1379 420 1424 pro
430 1363 474 1412 aris
485 1378 511 1409 ac
521 1361 577 1410 iocis
587 1362 738 1415 dimicabatur,
756 1367 780 1407 et
791 1361 842 1422 quia
887 1375 888 1378 ’

168 1443 199 1476 ex
209 1429 275 1476 tectis
285 1429 401 1491 adjuvabat
411 1428 507 1476 imbellis
516 1427 643 1481 multitudo,
661 1433 736 1475 tamen
747 1423 843 1489 Fregel·

167 1493 214 1543 lani
224 1496 384 1542 sustinuerunt
420 1492 496 1548 Fraus
504 1493 583 1547 deinde
593 1508 640 1539 rem
648 1492 769 1545 inclinarit,
782 1492 842 1552 quod
887 1518 888 1523 =

168 1574 249 1607 vocem
259 1560 329 1607 audiri
339 1560 449 1621 praeconis
462 1559 520 1620 passi
534 1566 586 1605 sunt
592 1575 600 1615 ;
618 1556 758 1603 Incolumem
767 1554 841 1605 abitu·

168 1638 227 1678 runa,
243 1625 282 1683 qui
296 1639 359 1670 mma
373 1624 490 1685 posuisset.
526 1622 563 1671 Ea
577 1638 627 1684 spes
642 1622 726 1669 remisit
741 1637 755 1668 a
769 1628 841 1669 certa·

168 1688 230 1733 mitae
239 1688 333 1741 animos,
352 1696 375 1745 et
388 1689 471 1749 passim
486 1704 548 1739 arma
557 1687 637 1750 jactari
649 1694 729 1748 coepta
766 1684 841 1733 Perti·

168 1752 245 1798 nacior
258 1767 310 1813 pars
326 1761 411 1799 amata
426 1768 467 1813 per
481 1768 581 1803 aversam
596 1759 684 1815 portam
699 1750 787 1813 erupit;
804 1758 840 1799 tu-

169 1816 257 1875 tiorque
264 1817 296 1871 eis
306 1816 398 1863 audacia
406 1815 457 1869 tuit,
475 1818 656 1878 quamiucautus
665 1816 693 1866 ad
705 1814 840 1865 credendum

169 1880 257 1927 cartario
274 1896 359 1941 pavor3
376 1896 433 1942 quos
448 1881 597 1937 circumdatos
615 1882 670 1945 igni,
688 1880 839 1943 nequidquam

168 1943 234 1998 Deos
242 1943 352 2006 iidemque
359 1946 496 2001 invocantes,
508 1948 619 2005 Samnites
630 1953 836 1993 concremaverunt.

169 2007 288 2065 Consules,
299 2012 357 2058 iuter
367 2026 393 2059 se
401 2012 616 2073 partiti-provincias,
629 2010 732 2073 Papirius
739 2011 840 2073 inApu·

166 2073 219 2121 liam
230 2074 258 2121 ad
269 2074 388 2133 Luceriam
398 2078 479 2139 pergit,
497 2077 534 2124 ubi
545 2077 630 2138 equites
641 2076 740 2123 Romani
752 2076 839 2136 obsides

166 2138 196 2185 ad
204 2137 315 2188 Caudium
326 2141 371 2189 dati
381 2142 574 2189 custodiebantur:
594 2138 703 2189 Publilius
714 2142 738 2187 in
747 2140 838 2188 Samnio

166 2205 264 2252 substitit
280 2206 386 2254 adversus
405 2205 519 2263 Caudinas
535 2207 642 2269 legiones.
678 2205 797 2253 Distendit
813 2220 838 2251 ea

162 2285 203 2317 ¹rus
211 2270 345 2319 Samnitium
352 2272 453 2329 animos3
471 2272 530 2332 quod
538 2287 580 2319 nec
590 2271 619 2319 ad
627 2270 747 2319 Luceriam
757 2270 797 2325 ire,
810 2284 838 2315 ne
887 2298 888 2303 =

165 2335 194 2381 ab
204 2342 269 2397 tergo
283 2337 377 2383 instaret
389 2336 467 2389 hostis,
485 2352 527 2383 nec
537 2351 634 2389 manere,
652 2350 681 2381 ne
697 2334 795 2381 Luceria
804 2333 838 2379 in-

160 2400 230 2447 terim
246 2401 393 2458 amitteretur,
408 2402 463 2447 satis
477 2400 593 2449 audebant.
629 2400 748 2463 Optimum
764 2399 838 2446 risum

165 2465 351 2517 estcommittere
367 2481 414 2513 rem
431 2466 536 2519 sonunae,
554 2466 712 2527 ettransQere
726 2480 779 2511 cmn
791 2462 837 2511 Pu-

165 2527 225 2575 blilio
235 2536 355 2586 certamen.
392 2529 472 2590 Itaque
482 2530 505 2577 in
516 2531 586 2577 aciem
597 2531 672 2592 copias
683 2530 790 2577 educunt.

197 2590 272 2639 xm.
291 2594 408 2642 Adversus
422 2609 479 2655 quos
493 2593 602 2642 Publilius
617 2596 696 2645 consul
709 2610 762 2641 cum
773 2592 837 2641 dimi·

165 2662 255 2706 ouum
270 2665 337 2713 esset,
353 2658 415 2719 prius
430 2659 576 2720 alloquendos
593 2659 675 2712 militet
694 2667 764 2715 ramo,
783 2673 836 2719 cou-
