1809 2950
193 161 223 210 Τ.
236 161 325 210 L1v11
340 163 394 211 Lm.
407 164 454 212 IX.
475 164 535 214 Car.
551 167 588 214 1⁵.
679 171 731 214 lus

57 293 153 346 minos·
166 300 243 340 eastra
258 292 373 341 mvnere:
396 302 421 341 ct
437 303 484 357 pro·
496 307 521 341 se
536 295 636 356 quisque,
655 303 671 325 ‘⁴
682 309 727 342 non

57 359 105 406 haee
118 357 289 410 furmrha‘neo
299 357 418 412 Caudium,
436 374 478 406 nec
495 360 565 406 saltus
581 359 654 406 inuios
670 373 727 412 esse,

57 423 92 468 ubi
99 422 271 471 erroremfraus
278 425 371 484 superbe
378 425 483 480 vicisset3
496 425 534 470 sed
545 423 673 470 Romanam
684 424 730 470 vir-

57 494 133 541 mrem.
151 503 221 548 quam
237 503 280 534 nec
296 489 379 534 vallum
395 504 438 536 nec
453 489 522 536 fossas
538 487 665 541 arcerent,”
682 503 730 534 me-

58 559 177 605 morantes,
202 553 295 598 caedunt
312 553 393 614 pariter
410 555 539 601 resistentes
556 553 672 614 fusosque,
696 551 737 598 in·-

58 632 128 664 ermes
145 625 217 677 atque
236 624 342 669 umatus,
362 633 446 670 servos,
463 619 551 672 liberos,
568 620 670 681 puberes,
688 617 731 663 im·

58 682 155 742 puberes,
181 682 293 734 homines,
313 683 472 743 jumentaque:
499 699 540 730 neo
563 684 633 730 ullum
653 697 738 745 super-v

58 745 133 793 fuisset
142 747 237 799 animal,
257 746 280 790 ni
291 747 393 793 consules
402 749 498 810 roeeptui
510 749 599 810 signum
611 749 739 800 dedissent,-

59 812 180 872 aeidosque
195 811 266 858 ooedia
280 811 361 857 milites
375 827 389 857 e
403 813 481 860 castris
493 815 591 860 hostium
602 813 694 876 imperio
705 827 733 858 ac

59 877 122 924 miris
131 876 285 938 expulissent.
320 873 400 936 ltaque
409 877 468 938 apud
478 877 577 924 infensos
588 879 616 924 ob
626 877 738 939 interpel·

59 941 123 988 latam
134 940 281 988 draloedinem
295 940 334 986 irae
346 939 463 988 confestim
479 943 549 988 oratio
564 944 637 989 habita
647 949 688 995 eat,
707 948 738 988 ut

59 1005 177 1053 doceretur
194 1005 268 1057 miles,
285 1004 378 1051 minime
395 1006 499 1066 cuiquam
517 1007 612 1052 militum
630 1007 738 1054 consules¹

59 1071 108 1118 odio
125 1073 152 1117 in
168 1071 250 1129 hostes
265 1069 365 1122 cessim
387 1077 427 1116 aut
445 1085 560 1117 cessuros:
584 1071 637 1130 quin
657 1071 732 1122 duces,

59 1137 114 1182 sicut
128 1136 193 1188 belli,
210 1136 244 1180 ita
257 1133 386 1180 insatiabilis
400 1135 509 1196 supplicii,
524 1135 611 1181 futuros
620 1134 698 1188 fuisse,
710 1135 734 1180 ni

58 1209 174 1263 lapscura
185 1199 289 1260 equitum
302 1206 466 1252 sexcentorum,
484 1200 522 1260 qui
533 1199 636 1246 Luceriae
647 1199 740 1246 obsides·

59 1273 198 1316 reserentur,
215 1263 361 1325 praepedisset
376 1265 477 1322 animos}
495 1280 523 1312 ne
539 1265 653 1326 desperata
668 1263 739 1310 venia·

58 1331 220 1378 boarescaecos
230 1329 254 1372 in
267 1328 372 1390 supplicia
379 1344 457 1375 eorum
466 1337 550 1391 ageret,
562 1329 654 1390 perdere
664 1328 733 1388 prius,

58 1411 122 1456 quam
130 1395 215 1458 perire,
225 1401 335 1454 optantes.
371 1392 475 1440 Laudare
486 1409 512 1440 ea
522 1395 611 1444 milites,
620 1391 738 1450 laetarique

58 1461 145 1509 obviam
156 1461 216 1506 itum
232 1459 273 1505 irae
287 1472 335 1505 suae
347 1474 404 1512 esse,
422 1474 449 1505 ac
458 1457 530 1511 fateri,
549 1457 623 1503 omnia
633 1453 740 1517 patienda*

58 1528 140 1587 potius,
158 1539 229 1585 quam
240 1522 370 1585 proderetur
381 1523 442 1569 salus
449 1529 484 1568 tot
492 1523 616 1583 principum
625 1520 738 1567 Romanae

55 1598 276 1702 imilnllinllimum
292 1654 412 1705 concione,
426 1652 545 1699 consilium
563 1651 669 1703 habitum,
688 1664 741 1725 orn-v

58 1720 153 1767 nilsusne
161 1718 235 1779 copiis
243 1717 362 1765 Luceriam
373 1726 509 1779 premerent,
520 1732 548 1763 an
556 1718 627 1763 altero
638 1722 741 1763 exercitu

58 1785 157 1832 ‹st-duce
176 1782 249 1844 Apuli
268 1784 332 1835 circa,
350 1797 408 1844 gens
426 1782 499 1829 dubiae
519 1782 547 1828 ad
565 1782 588 1828 id
605 1780 734 1833 voluntatis,

58 1855 209 1897 tentmennrr.
246 1846 356 1893 Publilius
366 1839 452 1899 corisul,
470 1847 499 1893 ad
508 1846 669 1908 peragrandam
684 1861 742 1907 pro·-

59 1914 134 1963 ieonis
149 1912 266 1973 Apuliam,
284 1912 371 1971 aliquot
382 1912 523 1973 expeditione
538 1910 582 1958 unia
592 1912 688 1974 populos
698 1916 738 1957 aut

60 1982 82 2026 vi
98 1978 197 2039 mbegit,
220 1983 259 2022 aut
276 1976 439 2023 conditionibus
454 1978 479 2021 in
496 1978 624 2023 societatem
640 1974 734 2037 accepit.

61 2042 153 2107 Papirio
164 2056 262 2101 quoque,
274 2040 315 2100 'qui
323 2041 425 2087 obsessor
433 2039 537 2088 Luceriae
546 2043 663 2097 restiterat,
674 2038 738 2087 brevi

62 2109 90 2157 erl
106 2122 172 2169 spen
190 2112 286 2153 eventus
303 2104 430 2165 respondit:
449 2114 508 2159 nam,
526 2106 617 2153 insessis
635 2104 744 2151 omnibus*

62 2175 114 2227 viis,
130 2186 172 2233 per
186 2185 245 2230 quas
259 2177 399 2216 commeatus
408 2184 438 2215 ex
449 2170 540 2219 Sammo
552 2171 737 2219 subvehebantur,

62 2236 211 2285 iamedomiii
220 2234 340 2288 Samnites,
358 2234 396 2294 qui
407 2233 510 2281 Luceriae
520 2236 543 2281 in
554 2234 658 2295 praesidio
666 2236 738 2281 erant,

63 2303 152 2364 Quos
167 2296 250 2346 misere
265 2299 293 2345 ud
309 2298 422 2345 consulem
438 2299 576 2352 Romanum,
595 2305 627 2349 ut,
645 2292 744 2354 receptis

64 2367 184 2428 eqsbubrrs,
201 2365 241 2425 qui
252 2378 320 2411 causa
328 2364 380 2409 belli
390 2372 472 2417 essent,
490 2364 606 2409 absisteret
617 2358 744 2405 obsidione·

65 2430 114 2479 His
128 2430 235 2491 Papirius
250 2430 281 2475 ita
294 2429 420 2489 respondit:
438 2428 553 2475 Debuisse
567 2440 605 2471 eos
623 2422 744 2474 Pontium„

66 2494 182 2544 Herenni
197 2493 277 2547 lilium,
301 2508 346 2553 quo
361 2500 452 2539 auctore
469 2492 587 2539 Romulos
606 2489 646 2535 sub
659 2487 746 2549 jugum·

66 2561 191 2613 ninssent,
209 2558 332 2611 consulere,
351 2558 403 2619 quid
413 2557 479 2603 victis
489 2554 617 2618 patiendum
625 2557 739 2599 censeret:

66 2632 186 2677 meum,-
204 2623 319 2683 quoniam·
331 2624 359 2669 sb
378 2621 480 2668 hostibus
498 2621 521 2665 in
541 2635 565 2665 se
584 2632 649 2679 aequa
667 2614 743 2667 statui,

66 2689 177 2752 miamin
187 2687 269 2753 seipsi
282 2685 349 2743 ferre,
366 2685 494 2739 maluerim,
506 2684 609 2735 nuntiare
623 2679 747 2733 Luceriam
