1809 2950
213 167 241 249 T?
254 163 340 217 LlVIl
356 163 409 216 Ln-
423 163 495 216 XXI.
515 163 573 220 Cae.
587 171 609 218 ⁵.
692 168 738 218 est

76 305 134 351 mm,
147 291 316 360 conspexmmt.
351 296 453 344 Vesdtua
463 295 517 342 nihil
526 292 583 344 inter
594 299 689 358 aequalea
699 313 739 346 ex-

75 359 176 410 cedens:
195 370 330 422 annuatque
340 363 390 422 equi
401 361 596 423 conspiciebantur.
631 361 740 421 Equitum

76 427 223 488 peditumque
241 427 298 473 idem
318 427 386 488 longe
406 427 491 488 primun
512 432 573 471 erat:
594 421 696 488 princepe
716 427 739 471 in

75 490 184 552 proelium
204 491 263 537 snat:
287 491 377 536 ultimus
395 496 498 536 conserto
516 489 594 550 proello
613 489 738 536 excedebat.

72 548 133 601 'Han
143 562 217 600 tantan
226 555 268 600 viri
281 554 374 600 virtutes
386 554 488 616 ingentia
496 554 549 599 vitia
560 555 689 614 aequabant;
706 554 741 598 in·

76 619 177 665 humma
192 619 314 672 erudelitas,
331 617 479 679 perfidiaplua
495 631 561 678 quam
578 617 670 670 Punica,
688 617 742 663 nihil

75 683 134 736 veri,
147 683 201 728 nilass
212 684 288 735 uncti,
304 683 378 729 nnllua
388 681 465 728 Dedm
476 689 556 734 metue,
573 683 658 728 nullum
669 683 741 743 jusju-

77 747 181 800 nandum,
205 747 265 792 nulla
283 747 367 807 religio.
402 744 462 794 Cum
480 748 522 792 hac
542 746 616 792 indole
634 746 740 792 virtutum

77 818 148 872 atque
162 811 269 857 vitiorum
285 811 379 856 triennio
397 812 438 856 aub
455 810 595 857 Hasdrubale
611 811 742 871 imperatore

78 875 169 927 merant,
187 873 248 920 nulli
258 891 289 927 re,
305 890 356 935 quae
372 874 457 936 agenda
466 875 602 935 videndaque
612 889 695 936 magno
704 874 740 919 fu-

78 945 132 984 turo
142 939 194 985 duci
204 946 270 992 esset,
280 937 434 1000 praetermissi.

110 1001 144 1047 V.
165 1001 279 1050 Caetemm
290 1017 318 1048 ex
328 1018 373 1063 quo
382 1003 418 1049 die
428 1003 473 1048 dux
487 1011 522 1049 eat
534 1003 661 1057 declaratus,
678 1004 741 1050 velut

78 1064 147 1113 tulta
170 1067 192 1112 ei
211 1066 325 1128 provincia
345 1067 438 1119 decreta,
466 1067 590 1126 bellumque
611 1067 739 1114 Romanum

78 1131 209 1177 mandatum
220 1139 285 1183 esset,
303 1131 357 1176 nihil
366 1131 519 1192 prolatandum
530 1137 597 1184 ratus,
612 1145 640 1176 ne
651 1147 674 1176 ae
684 1147 741 1192 quo·

77 1210 131 1256 que,
148 1203 175 1241 ut
192 1203 278 1256 patrem
295 1194 453 1248 Hamilcaretn,
473 1195 551 1241 deinde
569 1193 738 1250 Haadnabalem

77 1267 223 1306 cunctantem
239 1274 303 1305 meua
318 1260 396 1319 aliquia
407 1259 545 1320 opprimeret,
564 1259 692 1320 Saguntinis
706 1260 741 1305 in-

75 1321 136 1370 ferre
150 1323 232 1370 bellum
248 1323 338 1369 statuit:
357 1324 435 1383 quibua
449 1323 601 1385 oppugnandis
616 1325 668 1384 quia
682 1324 741 1369 haud

76 1387 144 1434 dubie
156 1388 261 1434 Romana
276 1403 337 1434 arma
350 1389 501 1440 movebantur,
521 1388 545 1432 in
561 1387 669 1434 Olcadum
684 1386 740 1433 fines

76 1451 139 1515 priua
155 1453 226 1516 (ultra
237 1450 324 1499 Iberum
335 1467 361 1498 ea
371 1467 427 1514 gene
437 1452 460 1497 in
471 1458 533 1512 parte
543 1451 620 1512 magis,
639 1465 704 1511 quam
716 1448 739 1497 in

76 1518 169 1571 ditione,
180 1514 396 1579 Carthaginiensium
407 1514 464 1575 erat)
476 1516 562 1561 induxit
573 1516 702 1569 exercitum,
715 1522 740 1561 ut

77 1596 123 1628 non
131 1579 216 1645 petitae
227 1581 369 1642 Saguntinos,
382 1580 421 1626 aed
432 1594 505 1626 rerum
517 1579 578 1633 serie,
590 1579 689 1625 finitimis
700 1580 740 1625 do-

77 1646 138 1693 mitia
147 1646 259 1709 gentibus,
267 1646 432 1707 jungendoque,
450 1650 533 1689 tractus
544 1644 571 1691 ad
581 1644 604 1689 id
613 1644 694 1690 bellum
705 1644 739 1689 vi-

76 1710 123 1757 deri
144 1718 228 1773 poaaet·
274 1709 391 1763 Carteiam
420 1710 496 1755 urbem
518 1708 650 1769 opulentam,
674 1715 740 1769 eaput

76 1776 153 1837 gentis
162 1776 219 1837 ejus,
231 1782 351 1836 expugnat,
363 1773 485 1835 diripitque.
520 1772 574 1826 Qno
584 1780 645 1819 metu
653 1774 739 1834 percul-

77 1854 109 1885 tae
127 1840 227 1885 mimrea
243 1838 350 1891 civitatee,
370 1838 477 1899 stipendio
495 1838 605 1899 imposito,
623 1838 738 1899 imperium

77 1902 189 1966 accepere.
230 1902 310 1949 maor
330 1902 445 1954 exercitus,
474 1903 635 1963 opulentusque
655 1900 737 1964 praedd‚

76 1966 238 2030 Carthaginem
255 1981 336 2013 novam
354 1967 377 2011 in
396 1966 485 2012 hiberna
503 1974 537 2012 eet
555 1967 667 2013 deductus.
704 1966 738 2012 Ibi

75 2033 138 2095 large
147 2031 263 2094 partiendo
272 2032 376 2092 praedam,
394 2030 502 2091 stipendio
511 2032 623 2091 praetento
634 2046 685 2077 cum
695 2030 739 2077 fide

76 2096 221 2148 exsolvendo,
238 2095 324 2141 cunctis
334 2094 415 2140 civium
426 2094 580 2155 sociorumque
591 2096 669 2141 animis
679 2095 703 2140 in
714 2110 739 2141 se

75 2160 177 2213 demntia,
194 2156 248 2206 ver'e
260 2160 333 2221 primo
348 2159 371 2203 in
381 2158 490 2205 Vaccaeoa
506 2166 631 2220 promotum
646 2159 735 2204 bellum.

77 2225 231 2272 Hermandica
244 2231 268 2270 et
283 2224 394 2269 Arbocala
402 2224 467 2269 urbes
480 2224 503 2269 vi
517 2232 594 2285 captae.
629 2222 739 2269 Arbocala

75 2298 99 2337 et
115 2291 200 2335 virtute
217 2296 240 2334 et
257 2288 397 2333 multitudine
415 2288 572 2349 oppidanorum
588 2286 624 2331 diu
640 2284 736 2332 detenta.

75 2354 114 2401 Aa
123 2349 278 2400 Hermandiod
293 2351 388 2414 profugi.
408 2352 519 2397 exsulibus
532 2350 648 2401 Olcadum,
665 2350 738 2409 priore

74 2425 154 2465 utute
168 2417 259 2463 domitae
269 2417 350 2477 gentis,
370 2431 421 2462 eum
438 2430 462 2461 se
477 2413 610 2476 junxissent,
628 2413 739 2459 concitant

75 2481 230 2543 Carpetanoa:
254 2480 368 2540 adortique
389 2478 538 2525 Hannibalem
559 2491 685 2538 regressum
708 2490 738 2522 ex

76 2545 188 2597 Vaccaeis,
208 2545 266 2591 haud
284 2545 361 2607 procul
379 2543 445 2605 Tago
462 2541 554 2587 flumine
569 2555 650 2603 agmen
669 2555 739 2602 grave

74 2608 152 2671 pmua
169 2607 293 2655 turbavere.
328 2606 538 2668 Harmihal‘proelio
556 2606 673 2661 abstinuit3
689 2618 738 2651 caa-

75 2674 160 2738 Πῑηῑὶθ
175 2688 243 2737 nuper
255 2674 324 2737 ripam
339 2672 424 2736 potitis,
441 2686 493 2719 cum
511 2671 581 2733 prime
595 2670 657 2734 quiea
672 2669 739 2719 silau-
