<?xml version="1.0" encoding="UTF-8"?>
<!DOCTYPE html PUBLIC "-//W3C//DTD XHTML 1.0 Transitional//EN"
    "http://www.w3.org/TR/xhtml1/DTD/xhtml1-transitional.dtd">
<html xmlns="http://www.w3.org/1999/xhtml" xml:lang="en" lang="en">
 <head>
  <title>
</title>
<meta http-equiv="Content-Type" content="text/html;charset=utf-8" />
  <meta name='ocr-system' content='tesseract 3.04.00' />
  <meta name='ocr-capabilities' content='ocr_page ocr_carea ocr_par ocr_line ocrx_word'/>
</head>
<body>
  <div class='ocr_page' id='page_1' title='image "./tliviipatavinih02caregoog_0076.png"; bbox 0 0 1809 2950; ppageno 0'>
   <div class='ocr_carea' id='block_1_1' title="bbox 204 177 740 234">
    <p class='ocr_par' dir='ltr' id='par_1_1' title="bbox 204 177 740 234">
     <span class='ocr_line' id='line_1_1' title="bbox 204 177 740 234; baseline 0.011 -6"><span class='ocrx_word' id='word_1_1' title='bbox 204 177 492 229; x_wconf 73' lang='lat' dir='ltr'><strong>nuvnnmvnt</strong></span> <span class='ocrx_word' id='word_1_2' title='bbox 511 179 608 232; x_wconf 64' lang='lat' dir='ltr'><strong>cun&amp;</strong></span> <span class='ocrx_word' id='word_1_3' title='bbox 653 197 660 211; x_wconf 91' lang='lat'><strong>·</strong></span> <span class='ocrx_word' id='word_1_4' title='bbox 703 184 740 234; x_wconf 78' lang='lat'><strong>&#39;66</strong></span> 
     </span>
    </p>
   </div>
   <div class='ocr_carea' id='block_1_2' title="bbox 73 309 748 1084">
    <p class='ocr_par' dir='ltr' id='par_1_2' title="bbox 73 309 748 1084">
     <span class='ocr_line' id='line_1_2' title="bbox 76 309 746 374; baseline -0.009 -14"><span class='ocrx_word' id='word_1_5' title='bbox 76 311 146 360; x_wconf 73' lang='lat' dir='ltr'><strong>eciem</strong></span> <span class='ocrx_word' id='word_1_6' title='bbox 156 309 317 374; x_wconf 72' lang='lat' dir='ltr'><strong>rejm&#39;emuur.</strong></span> <span class='ocrx_word' id='word_1_7' title='bbox 352 309 399 358; x_wconf 88' lang='lat' dir='ltr'><strong>Ubi</strong></span> <span class='ocrx_word' id='word_1_8' title='bbox 413 311 448 358; x_wconf 90' lang='lat' dir='ltr'><strong>his</strong></span> <span class='ocrx_word' id='word_1_9' title='bbox 462 312 575 359; x_wconf 82' lang='lat' dir='ltr'><strong>ordimbus</strong></span> <span class='ocrx_word' id='word_1_10' title='bbox 588 313 699 361; x_wconf 73' lang='lat' dir='ltr'><strong>exercitus</strong></span> <span class='ocrx_word' id='word_1_11' title='bbox 708 314 746 368; x_wconf 68' lang='lat' dir='ltr'><strong>iu.</strong></span> 
     </span>
     <span class='ocr_line' id='line_1_3' title="bbox 73 375 741 440; baseline 0.01 -21"><span class='ocrx_word' id='word_1_12' title='bbox 73 383 175 425; x_wconf 74' lang='lat' dir='ltr'><strong>metus</strong></span> <span class='ocrx_word' id='word_1_13' title='bbox 185 383 252 428; x_wconf 81' lang='lat' dir='ltr'><strong>esset,</strong></span> <span class='ocrx_word' id='word_1_14' title='bbox 264 375 345 422; x_wconf 70' lang='lat' dir='ltr'><strong>hund</strong></span> <span class='ocrx_word' id='word_1_15' title='bbox 356 375 454 422; x_wconf 82' lang='lat' dir='ltr'><strong>omniurn</strong></span> <span class='ocrx_word' id='word_1_16' title='bbox 466 377 531 438; x_wconf 89' lang='lat' dir='ltr'><strong>primi</strong></span> <span class='ocrx_word' id='word_1_17' title='bbox 539 377 741 440; x_wconf 51' lang='lat' dir='ltr'><strong>psrgnmntihntz</strong></span> 
     </span>
     <span class='ocr_line' id='line_1_4' title="bbox 73 438 744 505; baseline -0.004 -15"><span class='ocrx_word' id='word_1_18' title='bbox 73 443 95 490; x_wconf 74' lang='lat' dir='ltr'><strong>d</strong></span> <span class='ocrx_word' id='word_1_19' title='bbox 105 441 188 488; x_wconf 69' lang='lat' dir='ltr'><strong>temti</strong></span> <span class='ocrx_word' id='word_1_20' title='bbox 198 438 317 503; x_wconf 80' lang='lat' dir='ltr'><strong>prodigere</strong></span> <span class='ocrx_word' id='word_1_21' title='bbox 327 440 413 488; x_wconf 81' lang='lat' dir='ltr'><strong>hostem</strong></span> <span class='ocrx_word' id='word_1_22' title='bbox 425 455 471 487; x_wconf 93' lang='lat' dir='ltr'><strong>non</strong></span> <span class='ocrx_word' id='word_1_23' title='bbox 485 450 583 504; x_wconf 73' lang='lat' dir='ltr'><strong>posoeut,</strong></span> <span class='ocrx_word' id='word_1_24' title='bbox 600 440 657 504; x_wconf 82' lang='lat' dir='ltr'><strong>pede</strong></span> <span class='ocrx_word' id='word_1_25' title='bbox 668 459 744 505; x_wconf 77' lang='lat' dir='ltr'><strong>presso</strong></span> 
     </span>
     <span class='ocr_line' id='line_1_5' title="bbox 73 504 745 569; baseline 0.001 -15"><span class='ocrx_word' id='word_1_26' title='bbox 73 519 116 554; x_wconf 80' lang='lat' dir='ltr'><strong>eos</strong></span> <span class='ocrx_word' id='word_1_27' title='bbox 126 505 293 553; x_wconf 82' lang='lat' dir='ltr'><strong>retrocedentes</strong></span> <span class='ocrx_word' id='word_1_28' title='bbox 307 504 330 550; x_wconf 89' lang='lat' dir='ltr'><strong>in</strong></span> <span class='ocrx_word' id='word_1_29' title='bbox 346 505 465 552; x_wconf 63' lang='lat' dir='ltr'><strong>intervalla</strong></span> <span class='ocrx_word' id='word_1_30' title='bbox 476 506 578 552; x_wconf 79' lang='lat' dir='ltr'><strong>ordinum</strong></span> <span class='ocrx_word' id='word_1_31' title='bbox 589 507 700 569; x_wconf 70' lang='lat' dir='ltr'><strong>principes</strong></span> <span class='ocrx_word' id='word_1_32' title='bbox 710 523 745 555; x_wconf 87' lang='lat' dir='ltr'><strong>re-</strong></span> 
     </span>
     <span class='ocr_line' id='line_1_6' title="bbox 74 569 746 636; baseline 0.003 -19"><span class='ocrx_word' id='word_1_33' title='bbox 74 571 199 636; x_wconf 79' lang='lat' dir='ltr'><strong>cipiebnnt:</strong></span> <span class='ocrx_word' id='word_1_34' title='bbox 219 575 267 616; x_wconf 90' lang='lat' dir='ltr'><strong>tum</strong></span> <span class='ocrx_word' id='word_1_35' title='bbox 277 569 401 632; x_wconf 83' lang='lat' dir='ltr'><strong>principum</strong></span> <span class='ocrx_word' id='word_1_36' title='bbox 411 578 543 632; x_wconf 81' lang='lat' dir='ltr'><strong>pugneerst</strong></span> <span class='ocrx_word' id='word_1_37' title='bbox 549 588 558 629; x_wconf 88' lang='lat'>;</span> <span class='ocrx_word' id='word_1_38' title='bbox 574 573 655 618; x_wconf 74' lang='lat' dir='ltr'><strong>hastati</strong></span> <span class='ocrx_word' id='word_1_39' title='bbox 665 587 746 633; x_wconf 84' lang='lat' dir='ltr'><strong>seque·</strong></span> 
     </span>
     <span class='ocr_line' id='line_1_7' title="bbox 75 634 747 689; baseline 0 -6"><span class='ocrx_word' id='word_1_40' title='bbox 75 637 170 683; x_wconf 79' lang='lat' dir='ltr'><strong>mmm:</strong></span> <span class='ocrx_word' id='word_1_41' title='bbox 189 634 258 680; x_wconf 77' lang='lat' dir='ltr'><strong>triarii</strong></span> <span class='ocrx_word' id='word_1_42' title='bbox 270 635 404 680; x_wconf 80' lang='lat' dir='ltr'><strong>subvexillis</strong></span> <span class='ocrx_word' id='word_1_43' title='bbox 415 635 564 689; x_wconf 76' lang='lat' dir='ltr'><strong>considebunt,</strong></span> <span class='ocrx_word' id='word_1_44' title='bbox 582 637 671 683; x_wconf 82' lang='lat' dir='ltr'><strong>sinistro</strong></span> <span class='ocrx_word' id='word_1_45' title='bbox 682 650 747 683; x_wconf 86' lang='lat' dir='ltr'><strong>crure</strong></span> 
     </span>
     <span class='ocr_line' id='line_1_8' title="bbox 74 697 747 764; baseline 0.003 -18"><span class='ocrx_word' id='word_1_46' title='bbox 74 707 188 764; x_wconf 81' lang='lat' dir='ltr'><strong>porrecto,</strong></span> <span class='ocrx_word' id='word_1_47' title='bbox 206 707 269 746; x_wconf 74' lang='lat' dir='ltr'><strong>scuta</strong></span> <span class='ocrx_word' id='word_1_48' title='bbox 281 697 354 746; x_wconf 79' lang='lat' dir='ltr'><strong>innisa</strong></span> <span class='ocrx_word' id='word_1_49' title='bbox 369 701 473 754; x_wconf 83' lang='lat' dir='ltr'><strong>hrmreris,</strong></span> <span class='ocrx_word' id='word_1_50' title='bbox 490 701 565 747; x_wconf 76' lang='lat' dir='ltr'><strong>bnsms</strong></span> <span class='ocrx_word' id='word_1_51' title='bbox 579 699 680 748; x_wconf 80' lang='lat' dir='ltr'><strong>subrecti</strong></span> <span class='ocrx_word' id='word_1_52' title='bbox 694 715 747 748; x_wconf 87' lang='lat' dir='ltr'><strong>cus-</strong></span> 
     </span>
     <span class='ocr_line' id='line_1_9' title="bbox 73 761 747 828; baseline 0.003 -18"><span class='ocrx_word' id='word_1_53' title='bbox 73 761 317 828; x_wconf 75' lang='lat' dir='ltr'><strong>pideinterrdlixns,</strong></span> <span class='ocrx_word' id='word_1_54' title='bbox 336 765 747 828; x_wconf 78' lang='lat' dir='ltr'><strong>bsudsecusqrnmvnlloscptsln·</strong></span> 
     </span>
     <span class='ocr_line' id='line_1_10' title="bbox 74 829 748 892; baseline 0.001 -16"><span class='ocrx_word' id='word_1_55' title='bbox 74 831 180 876; x_wconf 77' lang='lat' dir='ltr'><strong>horreret</strong></span> <span class='ocrx_word' id='word_1_56' title='bbox 193 829 259 882; x_wconf 82' lang='lat' dir='ltr'><strong>scies,</strong></span> <span class='ocrx_word' id='word_1_57' title='bbox 276 835 385 875; x_wconf 84' lang='lat' dir='ltr'><strong>tenentes.</strong></span> <span class='ocrx_word' id='word_1_58' title='bbox 421 829 445 876; x_wconf 84' lang='lat' dir='ltr'><strong>si</strong></span> <span class='ocrx_word' id='word_1_59' title='bbox 463 831 521 892; x_wconf 78' lang='lat' dir='ltr'><strong>nprsd</strong></span> <span class='ocrx_word' id='word_1_60' title='bbox 534 830 643 892; x_wconf 72' lang='lat' dir='ltr'><strong>principes</strong></span> <span class='ocrx_word' id='word_1_61' title='bbox 657 845 748 892; x_wconf 82' lang='lat' dir='ltr'><strong>quoque</strong></span> 
     </span>
     <span class='ocr_line' id='line_1_11' title="bbox 75 893 747 956; baseline 0.001 -15"><span class='ocrx_word' id='word_1_62' title='bbox 75 894 137 941; x_wconf 74' lang='lat' dir='ltr'><strong>trud</strong></span> <span class='ocrx_word' id='word_1_63' title='bbox 148 894 202 940; x_wconf 80' lang='lat' dir='ltr'><strong>sutis</strong></span> <span class='ocrx_word' id='word_1_64' title='bbox 215 907 320 955; x_wconf 74' lang='lat' dir='ltr'><strong>prospere</strong></span> <span class='ocrx_word' id='word_1_65' title='bbox 335 900 393 939; x_wconf 85' lang='lat' dir='ltr'><strong>esset</strong></span> <span class='ocrx_word' id='word_1_66' title='bbox 407 902 539 956; x_wconf 73' lang='lat' dir='ltr'><strong>pugnatun,</strong></span> <span class='ocrx_word' id='word_1_67' title='bbox 556 893 708 956; x_wconf 76' lang='lat' dir='ltr'><strong>sprimdscie</strong></span> <span class='ocrx_word' id='word_1_68' title='bbox 718 894 747 942; x_wconf 80' lang='lat' dir='ltr'><strong>nd</strong></span> 
     </span>
     <span class='ocr_line' id='line_1_12' title="bbox 74 957 747 1006; baseline 0.001 -1"><span class='ocrx_word' id='word_1_69' title='bbox 74 958 165 1006; x_wconf 75' lang='lat' dir='ltr'><strong>triarios</strong></span> <span class='ocrx_word' id='word_1_70' title='bbox 183 957 442 1004; x_wconf 80' lang='lat' dir='ltr'><strong>sennim&#39;reierebsntur:</strong></span> <span class='ocrx_word' id='word_1_71' title='bbox 461 959 513 1004; x_wconf 87' lang='lat' dir='ltr'><strong>inde</strong></span> <span class='ocrx_word' id='word_1_72' title='bbox 531 965 602 1006; x_wconf 83' lang='lat' dir='ltr'><strong>“rem</strong></span> <span class='ocrx_word' id='word_1_73' title='bbox 616 959 644 1005; x_wconf 82' lang='lat' dir='ltr'><strong>nd</strong></span> <span class='ocrx_word' id='word_1_74' title='bbox 658 960 747 1006; x_wconf 86' lang='lat' dir='ltr'><strong>trisrios</strong></span> 
     </span>
     <span class='ocr_line' id='line_1_13' title="bbox 76 1020 747 1084; baseline 0.004 -17"><span class='ocrx_word' id='word_1_75' title='bbox 76 1020 187 1076; x_wconf 79' lang='lat' dir='ltr'><strong>redisse,”</strong></span> <span class='ocrx_word' id='word_1_76' title='bbox 199 1035 251 1068; x_wconf 78' lang='lat' dir='ltr'><strong>erno</strong></span> <span class='ocrx_word' id='word_1_77' title='bbox 261 1022 379 1075; x_wconf 79' lang='lat' dir='ltr'><strong>laboratur,</strong></span> <span class='ocrx_word' id='word_1_78' title='bbox 390 1023 508 1084; x_wconf 84' lang='lat' dir='ltr'><strong>proverbio</strong></span> <span class='ocrx_word' id='word_1_79' title='bbox 515 1023 639 1069; x_wconf 86' lang='lat' dir='ltr'><strong>increbruit</strong></span> <span class='ocrx_word' id='word_1_80' title='bbox 664 1023 747 1081; x_wconf 76' lang='lat' dir='ltr'><strong>Triarii</strong></span> 
     </span>
    </p>
   </div>
   <div class='ocr_carea' id='block_1_3' title="bbox 77 1086 827 1152">
    <p class='ocr_par' dir='ltr' id='par_1_3' title="bbox 77 1086 827 1152">
     <span class='ocr_line' id='line_1_14' title="bbox 77 1086 827 1152; baseline -0.011 -17"><span class='ocrx_word' id='word_1_81' title='bbox 77 1093 249 1149; x_wconf 80' lang='lat' dir='ltr'><strong>consurgentes,</strong></span> <span class='ocrx_word' id='word_1_82' title='bbox 266 1086 303 1132; x_wconf 89' lang='lat' dir='ltr'><strong>ubi</strong></span> <span class='ocrx_word' id='word_1_83' title='bbox 314 1086 337 1131; x_wconf 88' lang='lat' dir='ltr'><strong>in</strong></span> <span class='ocrx_word' id='word_1_84' title='bbox 347 1086 464 1133; x_wconf 80' lang='lat' dir='ltr'><strong>intervslln</strong></span> <span class='ocrx_word' id='word_1_85' title='bbox 474 1087 576 1133; x_wconf 83' lang='lat' dir='ltr'><strong>ordinum</strong></span> <span class='ocrx_word' id='word_1_86' title='bbox 584 1103 675 1134; x_wconf 89' lang='lat' dir='ltr'><strong>suorum</strong></span> <span class='ocrx_word' id='word_1_87' title='bbox 685 1088 748 1152; x_wconf 81' lang='lat' dir='ltr'><strong>prin-</strong></span> <span class='ocrx_word' id='word_1_88' title='bbox 826 1123 827 1127; x_wconf 74' lang='grc'>,</span> 
     </span>
    </p>
   </div>
   <div class='ocr_carea' id='block_1_4' title="bbox 74 1151 752 2507">
    <p class='ocr_par' dir='ltr' id='par_1_4' title="bbox 74 1151 752 2507">
     <span class='ocr_line' id='line_1_15' title="bbox 75 1151 748 1216; baseline 0.003 -18"><span class='ocrx_word' id='word_1_89' title='bbox 75 1152 140 1216; x_wconf 85' lang='lat' dir='ltr'><strong>cipes</strong></span> <span class='ocrx_word' id='word_1_90' title='bbox 147 1159 171 1198; x_wconf 93' lang='lat' dir='ltr'><strong>et</strong></span> <span class='ocrx_word' id='word_1_91' title='bbox 181 1152 281 1197; x_wconf 79' lang='lat' dir='ltr'><strong>bremtos</strong></span> <span class='ocrx_word' id='word_1_92' title='bbox 292 1151 431 1212; x_wconf 83' lang='lat' dir='ltr'><strong>recepissent,</strong></span> <span class='ocrx_word' id='word_1_93' title='bbox 444 1152 557 1214; x_wconf 83' lang='lat' dir='ltr'><strong>extemplo</strong></span> <span class='ocrx_word' id='word_1_94' title='bbox 567 1152 699 1214; x_wconf 86' lang='lat' dir='ltr'><strong>compressis</strong></span> <span class='ocrx_word' id='word_1_95' title='bbox 709 1168 748 1200; x_wconf 91' lang='lat' dir='ltr'><strong>or-</strong></span> 
     </span>
     <span class='ocr_line' id='line_1_16' title="bbox 75 1213 748 1280; baseline -0.003 -16"><span class='ocrx_word' id='word_1_96' title='bbox 75 1216 167 1264; x_wconf 74' lang='lat' dir='ltr'><strong>mmm</strong></span> <span class='ocrx_word' id='word_1_97' title='bbox 180 1215 244 1262; x_wconf 83' lang='lat' dir='ltr'><strong>velut</strong></span> <span class='ocrx_word' id='word_1_98' title='bbox 254 1213 384 1261; x_wconf 73' lang='lat' dir='ltr'><strong>claudebant</strong></span> <span class='ocrx_word' id='word_1_99' title='bbox 394 1215 454 1262; x_wconf 76' lang='lat' dir='ltr'><strong>sins:</strong></span> <span class='ocrx_word' id='word_1_100' title='bbox 474 1230 564 1276; x_wconf 90' lang='lat' dir='ltr'><strong>unoque</strong></span> <span class='ocrx_word' id='word_1_101' title='bbox 573 1217 695 1263; x_wconf 88' lang='lat' dir='ltr'><strong>continenti</strong></span> <span class='ocrx_word' id='word_1_102' title='bbox 705 1231 748 1280; x_wconf 78' lang='lat' dir='ltr'><strong>ag-</strong></span> 
     </span>
     <span class='ocr_line' id='line_1_17' title="bbox 74 1277 749 1343; baseline 0.003 -18"><span class='ocrx_word' id='word_1_103' title='bbox 74 1281 146 1334; x_wconf 80' lang='lat' dir='ltr'><strong>mlne,</strong></span> <span class='ocrx_word' id='word_1_104' title='bbox 158 1281 208 1343; x_wconf 76' lang='lat' dir='ltr'><strong>jorn</strong></span> <span class='ocrx_word' id='word_1_105' title='bbox 226 1277 287 1325; x_wconf 75' lang='lat' dir='ltr'><strong>nulli</strong></span> <span class='ocrx_word' id='word_1_106' title='bbox 302 1293 343 1340; x_wconf 92' lang='lat' dir='ltr'><strong>spe</strong></span> <span class='ocrx_word' id='word_1_107' title='bbox 357 1286 409 1340; x_wconf 91' lang='lat' dir='ltr'><strong>post</strong></span> <span class='ocrx_word' id='word_1_108' title='bbox 425 1277 508 1333; x_wconf 73' lang='lat' dir='ltr'><strong>relicti,</strong></span> <span class='ocrx_word' id='word_1_109' title='bbox 518 1281 548 1325; x_wconf 63' lang='lat' dir='ltr'><strong>‘in</strong></span> <span class='ocrx_word' id='word_1_110' title='bbox 563 1281 649 1327; x_wconf 90' lang='lat' dir='ltr'><strong>hostem</strong></span> <span class='ocrx_word' id='word_1_111' title='bbox 664 1281 749 1327; x_wconf 87' lang='lat' dir='ltr'><strong>incide·</strong></span> 
     </span>
     <span class='ocr_line' id='line_1_18' title="bbox 74 1342 749 1404; baseline -0.003 -11"><span class='ocrx_word' id='word_1_112' title='bbox 74 1347 145 1393; x_wconf 73' lang='lat' dir='ltr'><strong>mute</strong></span> <span class='ocrx_word' id='word_1_113' title='bbox 169 1343 195 1391; x_wconf 86' lang='lat' dir='ltr'><strong>ld</strong></span> <span class='ocrx_word' id='word_1_114' title='bbox 212 1351 260 1390; x_wconf 74' lang='lat' dir='ltr'><strong>eret</strong></span> <span class='ocrx_word' id='word_1_115' title='bbox 277 1342 506 1390; x_wconf 77' lang='lat' dir='ltr'><strong>formidolosissimum</strong></span> <span class='ocrx_word' id='word_1_116' title='bbox 526 1345 592 1399; x_wconf 87' lang='lat' dir='ltr'><strong>hosti,</strong></span> <span class='ocrx_word' id='word_1_117' title='bbox 609 1360 675 1404; x_wconf 67' lang='lat' dir='ltr'><strong>cum,</strong></span> <span class='ocrx_word' id='word_1_118' title='bbox 685 1344 749 1392; x_wconf 78' lang='lat' dir='ltr'><strong>velut</strong></span> 
     </span>
     <span class='ocr_line' id='line_1_19' title="bbox 76 1409 749 1470; baseline -0.009 -12"><span class='ocrx_word' id='word_1_119' title='bbox 76 1411 152 1458; x_wconf 70' lang='lat' dir='ltr'><strong>victos</strong></span> <span class='ocrx_word' id='word_1_120' title='bbox 170 1409 273 1462; x_wconf 85' lang='lat' dir='ltr'><strong>insecuti,</strong></span> <span class='ocrx_word' id='word_1_121' title='bbox 291 1421 372 1454; x_wconf 79' lang='lat' dir='ltr'><strong>novam</strong></span> <span class='ocrx_word' id='word_1_122' title='bbox 391 1415 482 1470; x_wconf 85' lang='lat' dir='ltr'><strong>repente</strong></span> <span class='ocrx_word' id='word_1_123' title='bbox 500 1409 570 1454; x_wconf 80' lang='lat' dir='ltr'><strong>aciem</strong></span> <span class='ocrx_word' id='word_1_124' title='bbox 589 1415 749 1469; x_wconf 81' lang='lat' dir='ltr'><strong>exsurgentem</strong></span> 
     </span>
     <span class='ocr_line' id='line_1_20' title="bbox 75 1472 749 1533; baseline -0.007 -10"><span class='ocrx_word' id='word_1_125' title='bbox 75 1482 167 1523; x_wconf 77' lang='lat' dir='ltr'><strong>sucum</strong></span> <span class='ocrx_word' id='word_1_126' title='bbox 177 1488 272 1521; x_wconf 87' lang='lat' dir='ltr'><strong>numero</strong></span> <span class='ocrx_word' id='word_1_127' title='bbox 283 1474 408 1519; x_wconf 77' lang='lat' dir='ltr'><strong>comebant.</strong></span> <span class='ocrx_word' id='word_1_128' title='bbox 444 1472 600 1520; x_wconf 80' lang='lat' dir='ltr'><strong>Scnbebsntur</strong></span> <span class='ocrx_word' id='word_1_129' title='bbox 609 1480 684 1519; x_wconf 78' lang='lat' dir='ltr'><strong>eutem</strong></span> <span class='ocrx_word' id='word_1_130' title='bbox 695 1485 749 1533; x_wconf 81' lang='lat' dir='ltr'><strong>quo-</strong></span> 
     </span>
     <span class='ocr_line' id='line_1_21' title="bbox 77 1536 748 1599; baseline -0.006 -12"><span class='ocrx_word' id='word_1_131' title='bbox 77 1548 131 1587; x_wconf 80' lang='lat' dir='ltr'><strong>tnot</strong></span> <span class='ocrx_word' id='word_1_132' title='bbox 144 1538 194 1586; x_wconf 81' lang='lat' dir='ltr'><strong>iere</strong></span> <span class='ocrx_word' id='word_1_133' title='bbox 207 1538 308 1599; x_wconf 77' lang='lat' dir='ltr'><strong>legdones</strong></span> <span class='ocrx_word' id='word_1_134' title='bbox 318 1538 392 1599; x_wconf 88' lang='lat' dir='ltr'><strong>quiuis&#39;</strong></span> <span class='ocrx_word' id='word_1_135' title='bbox 405 1537 502 1584; x_wconf 89' lang='lat' dir='ltr'><strong>millibus</strong></span> <span class='ocrx_word' id='word_1_136' title='bbox 516 1537 622 1599; x_wconf 89' lang='lat' dir='ltr'><strong>peditum,</strong></span> <span class='ocrx_word' id='word_1_137' title='bbox 639 1536 748 1597; x_wconf 89' lang='lat' dir='ltr'><strong>equitibus</strong></span> 
     </span>
     <span class='ocr_line' id='line_1_22' title="bbox 77 1598 749 1667; baseline -0.003 -16"><span class='ocrx_word' id='word_1_138' title='bbox 77 1605 103 1651; x_wconf 89' lang='lat' dir='ltr'><strong>in</strong></span> <span class='ocrx_word' id='word_1_139' title='bbox 113 1602 215 1667; x_wconf 78' lang='lat' dir='ltr'><strong>singulus</strong></span> <span class='ocrx_word' id='word_1_140' title='bbox 224 1604 325 1665; x_wconf 79' lang='lat' dir='ltr'><strong>legiones</strong></span> <span class='ocrx_word' id='word_1_141' title='bbox 333 1603 441 1649; x_wconf 84' lang='lat' dir='ltr'><strong>trecenis:</strong></span> <span class='ocrx_word' id='word_1_142' title='bbox 461 1602 555 1647; x_wconf 82' lang='lat' dir='ltr'><strong>sltemm</strong></span> <span class='ocrx_word' id='word_1_143' title='bbox 565 1609 652 1648; x_wconf 75' lang='lat' dir='ltr'><strong>tantum</strong></span> <span class='ocrx_word' id='word_1_144' title='bbox 663 1616 692 1648; x_wconf 84' lang='lat' dir='ltr'><strong>ex</strong></span> <span class='ocrx_word' id='word_1_145' title='bbox 702 1598 749 1649; x_wconf 80' lang='lat' dir='ltr'><strong>Le·</strong></span> 
     </span>
     <span class='ocr_line' id='line_1_23' title="bbox 76 1665 749 1730; baseline -0.004 -14"><span class='ocrx_word' id='word_1_146' title='bbox 76 1669 128 1716; x_wconf 86' lang='lat' dir='ltr'><strong>tino</strong></span> <span class='ocrx_word' id='word_1_147' title='bbox 144 1668 234 1715; x_wconf 78' lang='lat' dir='ltr'><strong>delectu</strong></span> <span class='ocrx_word' id='word_1_148' title='bbox 252 1666 399 1730; x_wconf 73' lang='lat' dir='ltr'><strong>adjiciebatur,</strong></span> <span class='ocrx_word' id='word_1_149' title='bbox 423 1665 461 1728; x_wconf 87' lang='lat' dir='ltr'><strong>qui</strong></span> <span class='ocrx_word' id='word_1_150' title='bbox 480 1665 507 1713; x_wconf 78' lang='lat' dir='ltr'><strong>ei</strong></span> <span class='ocrx_word' id='word_1_151' title='bbox 525 1672 656 1728; x_wconf 78' lang='lat' dir='ltr'><strong>tempestate</strong></span> <span class='ocrx_word' id='word_1_152' title='bbox 671 1667 749 1713; x_wconf 82' lang='lat' dir='ltr'><strong>hostes</strong></span> 
     </span>
     <span class='ocr_line' id='line_1_24' title="bbox 76 1731 746 1792; baseline -0.004 -11"><span class='ocrx_word' id='word_1_153' title='bbox 76 1740 144 1781; x_wconf 71' lang='lat' dir='ltr'><strong>erent</strong></span> <span class='ocrx_word' id='word_1_154' title='bbox 153 1732 273 1785; x_wconf 72' lang='lat' dir='ltr'><strong>Romanis,</strong></span> <span class='ocrx_word' id='word_1_155' title='bbox 285 1732 408 1792; x_wconf 87' lang='lat' dir='ltr'><strong>eodernque</strong></span> <span class='ocrx_word' id='word_1_156' title='bbox 417 1731 495 1778; x_wconf 86' lang='lat' dir='ltr'><strong>ordine</strong></span> <span class='ocrx_word' id='word_1_157' title='bbox 502 1731 653 1779; x_wconf 82' lang='lat' dir='ltr'><strong>instmxernnt</strong></span> <span class='ocrx_word' id='word_1_158' title='bbox 662 1731 746 1779; x_wconf 74' lang='lat' dir='ltr'><strong>scierm</strong></span> 
     </span>
     <span class='ocr_line' id='line_1_25' title="bbox 78 1796 749 1850; baseline -0.003 -5"><span class='ocrx_word' id='word_1_159' title='bbox 78 1812 123 1846; x_wconf 85' lang='lat' dir='ltr'><strong>nec</strong></span> <span class='ocrx_word' id='word_1_160' title='bbox 132 1796 218 1845; x_wconf 75' lang='lat' dir='ltr'><strong>vetdlls</strong></span> <span class='ocrx_word' id='word_1_161' title='bbox 227 1811 278 1842; x_wconf 73' lang='lat' dir='ltr'><strong>curm</strong></span> <span class='ocrx_word' id='word_1_162' title='bbox 289 1796 377 1843; x_wconf 80' lang='lat' dir='ltr'><strong>vexillis</strong></span> <span class='ocrx_word' id='word_1_163' title='bbox 387 1803 481 1850; x_wconf 78' lang='lat' dir='ltr'><strong>tantum,</strong></span> <span class='ocrx_word' id='word_1_164' title='bbox 499 1797 596 1843; x_wconf 82' lang='lat' dir='ltr'><strong>universi</strong></span> <span class='ocrx_word' id='word_1_165' title='bbox 606 1796 687 1843; x_wconf 79' lang='lat' dir='ltr'><strong>haststi</strong></span> <span class='ocrx_word' id='word_1_166' title='bbox 697 1809 749 1843; x_wconf 86' lang='lat' dir='ltr'><strong>cum</strong></span> 
     </span>
     <span class='ocr_line' id='line_1_26' title="bbox 79 1860 750 1923; baseline -0.007 -12"><span class='ocrx_word' id='word_1_167' title='bbox 79 1864 180 1915; x_wconf 79' lang='lat' dir='ltr'><strong>bnstntis,</strong></span> <span class='ocrx_word' id='word_1_168' title='bbox 192 1860 303 1923; x_wconf 87' lang='lat' dir='ltr'><strong>principes</strong></span> <span class='ocrx_word' id='word_1_169' title='bbox 313 1876 364 1907; x_wconf 87' lang='lat' dir='ltr'><strong>cum</strong></span> <span class='ocrx_word' id='word_1_170' title='bbox 375 1860 509 1923; x_wconf 74' lang='lat' dir='ltr'><strong>principibus</strong></span> <span class='ocrx_word' id='word_1_171' title='bbox 515 1879 523 1919; x_wconf 68' lang='grc' dir='ltr'><strong><em>ς</em></strong></span> <span class='ocrx_word' id='word_1_172' title='bbox 535 1862 574 1908; x_wconf 91' lang='lat' dir='ltr'><strong>sed</strong></span> <span class='ocrx_word' id='word_1_173' title='bbox 584 1862 686 1908; x_wconf 87' lang='lat' dir='ltr'><strong>centurio</strong></span> <span class='ocrx_word' id='word_1_174' title='bbox 692 1876 750 1923; x_wconf 89' lang='lat' dir='ltr'><strong>quo-</strong></span> 
     </span>
     <span class='ocr_line' id='line_1_27' title="bbox 78 1926 748 1991; baseline -0.003 -17"><span class='ocrx_word' id='word_1_175' title='bbox 78 1942 124 1991; x_wconf 78' lang='lat' dir='ltr'><strong>qne</strong></span> <span class='ocrx_word' id='word_1_176' title='bbox 140 1940 194 1974; x_wconf 84' lang='lat' dir='ltr'><strong>cum</strong></span> <span class='ocrx_word' id='word_1_177' title='bbox 212 1926 349 1979; x_wconf 85' lang='lat' dir='ltr'><strong>centurione,</strong></span> <span class='ocrx_word' id='word_1_178' title='bbox 367 1926 385 1972; x_wconf 76' lang='lat' dir='ltr'><strong>si</strong></span> <span class='ocrx_word' id='word_1_179' title='bbox 401 1926 489 1973; x_wconf 85' lang='lat' dir='ltr'><strong>ordines</strong></span> <span class='ocrx_word' id='word_1_180' title='bbox 504 1926 585 1973; x_wconf 85' lang='lat' dir='ltr'><strong>turbati</strong></span> <span class='ocrx_word' id='word_1_181' title='bbox 602 1942 648 1972; x_wconf 90' lang='lat' dir='ltr'><strong>non</strong></span> <span class='ocrx_word' id='word_1_182' title='bbox 667 1931 748 1979; x_wconf 83' lang='lat' dir='ltr'><strong>essent,</strong></span> 
     </span>
     <span class='ocr_line' id='line_1_28' title="bbox 79 1990 751 2053; baseline -0.004 -13"><span class='ocrx_word' id='word_1_183' title='bbox 79 1991 260 2040; x_wconf 77' lang='lat' dir='ltr'><strong>concurrendum</strong></span> <span class='ocrx_word' id='word_1_184' title='bbox 276 1990 315 2036; x_wconf 86' lang='lat' dir='ltr'><strong>sibi</strong></span> <span class='ocrx_word' id='word_1_185' title='bbox 330 2004 379 2037; x_wconf 80' lang='lat' dir='ltr'><strong>esse</strong></span> <span class='ocrx_word' id='word_1_186' title='bbox 394 1992 498 2038; x_wconf 74' lang='lat' dir='ltr'><strong>sciebant.</strong></span> <span class='ocrx_word' id='word_1_187' title='bbox 532 1990 589 2038; x_wconf 93' lang='lat' dir='ltr'><strong>Duo</strong></span> <span class='ocrx_word' id='word_1_188' title='bbox 603 1991 706 2053; x_wconf 88' lang='lat' dir='ltr'><strong>primipili</strong></span> <span class='ocrx_word' id='word_1_189' title='bbox 721 2002 751 2037; x_wconf 83' lang='lat' dir='ltr'><strong>ex</strong></span> 
     </span>
     <span class='ocr_line' id='line_1_29' title="bbox 76 2054 751 2119; baseline -0.003 -16"><span class='ocrx_word' id='word_1_190' title='bbox 76 2054 177 2119; x_wconf 61' lang='lat' dir='ltr'><strong>utrique</strong></span> <span class='ocrx_word' id='word_1_191' title='bbox 193 2056 241 2102; x_wconf 88' lang='lat' dir='ltr'><strong>scie</strong></span> <span class='ocrx_word' id='word_1_192' title='bbox 255 2056 314 2101; x_wconf 87' lang='lat' dir='ltr'><strong>inter</strong></span> <span class='ocrx_word' id='word_1_193' title='bbox 329 2054 415 2102; x_wconf 75' lang='lat' dir='ltr'><strong>triarios</strong></span> <span class='ocrx_word' id='word_1_194' title='bbox 428 2062 507 2103; x_wconf 78' lang='lat' dir='ltr'><strong>erunt:</strong></span> <span class='ocrx_word' id='word_1_195' title='bbox 525 2054 644 2102; x_wconf 79' lang='lat' dir='ltr'><strong>Romanus</strong></span> <span class='ocrx_word' id='word_1_196' title='bbox 657 2068 751 2117; x_wconf 87' lang='lat' dir='ltr'><strong>corpore</strong></span> 
     </span>
     <span class='ocr_line' id='line_1_30' title="bbox 79 2118 752 2183; baseline -0.004 -16"><span class='ocrx_word' id='word_1_197' title='bbox 79 2118 252 2183; x_wconf 72' lang='lat' dir='ltr'><strong>luendquiqusm</strong></span> <span class='ocrx_word' id='word_1_198' title='bbox 264 2120 316 2166; x_wconf 81' lang='lat' dir='ltr'><strong>setis</strong></span> <span class='ocrx_word' id='word_1_199' title='bbox 327 2119 418 2174; x_wconf 75' lang='lat' dir='ltr'><strong>veidus,</strong></span> <span class='ocrx_word' id='word_1_200' title='bbox 435 2128 542 2167; x_wconf 81' lang='lat' dir='ltr'><strong>caeterunr</strong></span> <span class='ocrx_word' id='word_1_201' title='bbox 554 2127 657 2167; x_wconf 85' lang='lat' dir='ltr'><strong>strenuus</strong></span> <span class='ocrx_word' id='word_1_202' title='bbox 666 2121 702 2166; x_wconf 81' lang='lat' dir='ltr'><strong>vir</strong></span> <span class='ocrx_word' id='word_1_203' title='bbox 710 2134 752 2180; x_wconf 89' lang='lat' dir='ltr'><strong>pe·</strong></span> 
     </span>
     <span class='ocr_line' id='line_1_31' title="bbox 79 2183 751 2249; baseline -0.01 -15"><span class='ocrx_word' id='word_1_204' title='bbox 79 2186 182 2247; x_wconf 68' lang='lat' dir='ltr'><strong>emaque</strong></span> <span class='ocrx_word' id='word_1_205' title='bbox 197 2184 295 2231; x_wconf 72' lang='lat' dir='ltr'><strong>militie:</strong></span> <span class='ocrx_word' id='word_1_206' title='bbox 316 2183 410 2233; x_wconf 79' lang='lat' dir='ltr'><strong>Latinus</strong></span> <span class='ocrx_word' id='word_1_207' title='bbox 422 2185 505 2232; x_wconf 84' lang='lat' dir='ltr'><strong>vinbus</strong></span> <span class='ocrx_word' id='word_1_208' title='bbox 520 2186 601 2249; x_wconf 80' lang='lat' dir='ltr'><strong>ingens</strong></span> <span class='ocrx_word' id='word_1_209' title='bbox 615 2184 751 2241; x_wconf 76' lang='lat' dir='ltr'><strong>bellatorque</strong></span> 
     </span>
     <span class='ocr_line' id='line_1_32' title="bbox 79 2246 752 2313; baseline -0.007 -16"><span class='ocrx_word' id='word_1_210' title='bbox 79 2251 167 2313; x_wconf 61' lang='lat' dir='ltr'><strong>pimus</strong></span> <span class='ocrx_word' id='word_1_211' title='bbox 173 2268 182 2307; x_wconf 74' lang='lat'>3</span> <span class='ocrx_word' id='word_1_212' title='bbox 199 2247 309 2295; x_wconf 89' lang='lat' dir='ltr'><strong>notissimi</strong></span> <span class='ocrx_word' id='word_1_213' title='bbox 316 2250 374 2295; x_wconf 87' lang='lat' dir='ltr'><strong>inter</strong></span> <span class='ocrx_word' id='word_1_214' title='bbox 384 2264 415 2304; x_wconf 86' lang='lat' dir='ltr'><strong>se,</strong></span> <span class='ocrx_word' id='word_1_215' title='bbox 431 2250 483 2311; x_wconf 81' lang='lat' dir='ltr'><strong>quis</strong></span> <span class='ocrx_word' id='word_1_216' title='bbox 492 2264 556 2311; x_wconf 81' lang='lat' dir='ltr'><strong>peres</strong></span> <span class='ocrx_word' id='word_1_217' title='bbox 567 2258 655 2309; x_wconf 62' lang='lat' dir='ltr'><strong>semper</strong></span> <span class='ocrx_word' id='word_1_218' title='bbox 663 2246 752 2293; x_wconf 88' lang='lat' dir='ltr'><strong>ordines</strong></span> 
     </span>
     <span class='ocr_line' id='line_1_33' title="bbox 82 2310 752 2372; baseline -0.007 -10"><span class='ocrx_word' id='word_1_219' title='bbox 82 2315 201 2362; x_wconf 66' lang='lat' dir='ltr'><strong>duxeram.</strong></span> <span class='ocrx_word' id='word_1_220' title='bbox 236 2312 348 2367; x_wconf 77' lang='lat' dir='ltr'><strong>Romano,</strong></span> <span class='ocrx_word' id='word_1_221' title='bbox 365 2314 424 2361; x_wconf 76' lang='lat' dir='ltr'><strong>baud</strong></span> <span class='ocrx_word' id='word_1_222' title='bbox 440 2314 494 2361; x_wconf 82' lang='lat' dir='ltr'><strong>sotis</strong></span> <span class='ocrx_word' id='word_1_223' title='bbox 508 2314 585 2359; x_wconf 85' lang='lat' dir='ltr'><strong>fidenti</strong></span> <span class='ocrx_word' id='word_1_224' title='bbox 600 2312 690 2364; x_wconf 75' lang='lat' dir='ltr'><strong>viribun,</strong></span> <span class='ocrx_word' id='word_1_225' title='bbox 703 2310 752 2372; x_wconf 78' lang='lat' dir='ltr'><strong>jem</strong></span> 
     </span>
     <span class='ocr_line' id='line_1_34' title="bbox 82 2377 752 2442; baseline -0.013 -14"><span class='ocrx_word' id='word_1_226' title='bbox 82 2378 168 2427; x_wconf 72' lang='lat' dir='ltr'><strong>nome</strong></span> <span class='ocrx_word' id='word_1_227' title='bbox 182 2379 316 2442; x_wconf 71' lang='lat' dir='ltr'><strong>permistum</strong></span> <span class='ocrx_word' id='word_1_228' title='bbox 332 2385 380 2425; x_wconf 80' lang='lat' dir='ltr'><strong>eret</strong></span> <span class='ocrx_word' id='word_1_229' title='bbox 394 2380 422 2426; x_wconf 87' lang='lat' dir='ltr'><strong>sb</strong></span> <span class='ocrx_word' id='word_1_230' title='bbox 438 2379 571 2431; x_wconf 81' lang='lat' dir='ltr'><strong>consulrbm,</strong></span> <span class='ocrx_word' id='word_1_231' title='bbox 588 2383 614 2422; x_wconf 92' lang='lat' dir='ltr'><strong>ut</strong></span> <span class='ocrx_word' id='word_1_232' title='bbox 632 2377 752 2423; x_wconf 88' lang='lat' dir='ltr'><strong>subcentu-</strong></span> 
     </span>
     <span class='ocr_line' id='line_1_35' title="bbox 82 2442 751 2507; baseline -0.009 -16"><span class='ocrx_word' id='word_1_233' title='bbox 82 2444 171 2492; x_wconf 73' lang='lat' dir='ltr'><strong>donem</strong></span> <span class='ocrx_word' id='word_1_234' title='bbox 185 2442 233 2497; x_wconf 84' lang='lat' dir='ltr'><strong>nbi,</strong></span> <span class='ocrx_word' id='word_1_235' title='bbox 250 2458 317 2505; x_wconf 88' lang='lat' dir='ltr'><strong>quem</strong></span> <span class='ocrx_word' id='word_1_236' title='bbox 326 2443 401 2497; x_wconf 80' lang='lat' dir='ltr'><strong>vellet,</strong></span> <span class='ocrx_word' id='word_1_237' title='bbox 417 2444 510 2507; x_wconf 77' lang='lat' dir='ltr'><strong>legeret,</strong></span> <span class='ocrx_word' id='word_1_238' title='bbox 527 2442 565 2503; x_wconf 91' lang='lat' dir='ltr'><strong>qui</strong></span> <span class='ocrx_word' id='word_1_239' title='bbox 580 2447 690 2487; x_wconf 74' lang='lat' dir='ltr'><strong>tutaretur</strong></span> <span class='ocrx_word' id='word_1_240' title='bbox 699 2452 751 2485; x_wconf 87' lang='lat' dir='ltr'><strong>eum</strong></span> 
     </span>
    </p>
   </div>
   <div class='ocr_carea' id='block_1_5' title="bbox 11 2503 753 2569">
    <p class='ocr_par' dir='ltr' id='par_1_5' title="bbox 11 2503 753 2569">
     <span class='ocr_line' id='line_1_36' title="bbox 11 2503 753 2569; baseline -0.011 -11"><span class='ocrx_word' id='word_1_241' title='bbox 11 2534 13 2541; x_wconf 40' lang='grc' dir='ltr'><em>ν</em></span> <span class='ocrx_word' id='word_1_242' title='bbox 82 2510 112 2557; x_wconf 73' lang='lat' dir='ltr'><strong>eb</strong></span> <span class='ocrx_word' id='word_1_243' title='bbox 129 2523 176 2557; x_wconf 85' lang='lat' dir='ltr'><strong>nno</strong></span> <span class='ocrx_word' id='word_1_244' title='bbox 195 2506 306 2555; x_wconf 77' lang='lat' dir='ltr'><strong>destinato</strong></span> <span class='ocrx_word' id='word_1_245' title='bbox 323 2508 400 2555; x_wconf 89' lang='lat' dir='ltr'><strong>hoste:</strong></span> <span class='ocrx_word' id='word_1_246' title='bbox 418 2510 482 2569; x_wconf 89' lang='lat' dir='ltr'><strong>isque</strong></span> <span class='ocrx_word' id='word_1_247' title='bbox 494 2506 591 2569; x_wconf 86' lang='lat' dir='ltr'><strong>juvenis,</strong></span> <span class='ocrx_word' id='word_1_248' title='bbox 607 2506 632 2553; x_wconf 87' lang='lat' dir='ltr'><strong>in</strong></span> <span class='ocrx_word' id='word_1_249' title='bbox 650 2506 698 2553; x_wconf 83' lang='lat' dir='ltr'><strong>scie</strong></span> <span class='ocrx_word' id='word_1_250' title='bbox 712 2503 753 2549; x_wconf 92' lang='lat' dir='ltr'><strong>ob·</strong></span> 
     </span>
    </p>
   </div>
   <div class='ocr_carea' id='block_1_6' title="bbox 82 2567 752 2630">
    <p class='ocr_par' dir='ltr' id='par_1_6' title="bbox 82 2567 752 2630">
     <span class='ocr_line' id='line_1_37' title="bbox 82 2567 752 2630; baseline -0.009 -9"><span class='ocrx_word' id='word_1_251' title='bbox 82 2572 150 2629; x_wconf 76' lang='lat' dir='ltr'><strong>tutus,</strong></span> <span class='ocrx_word' id='word_1_252' title='bbox 166 2588 199 2621; x_wconf 85' lang='lat' dir='ltr'><strong>ex</strong></span> <span class='ocrx_word' id='word_1_253' title='bbox 216 2573 346 2620; x_wconf 75' lang='lat' dir='ltr'><strong>centurione</strong></span> <span class='ocrx_word' id='word_1_254' title='bbox 362 2572 444 2620; x_wconf 83' lang='lat' dir='ltr'><strong>Lrtino</strong></span> <span class='ocrx_word' id='word_1_255' title='bbox 462 2571 578 2619; x_wconf 80' lang='lat' dir='ltr'><strong>victorium</strong></span> <span class='ocrx_word' id='word_1_256' title='bbox 594 2570 653 2617; x_wconf 83' lang='lat' dir='ltr'><strong>tulit.</strong></span> <span class='ocrx_word' id='word_1_257' title='bbox 688 2567 752 2630; x_wconf 80' lang='lat' dir='ltr'><strong>Pug-</strong></span> 
     </span>
    </p>
   </div>
   <div class='ocr_carea' id='block_1_7' title="bbox 83 2629 759 2753">
    <p class='ocr_par' dir='ltr' id='par_1_7' title="bbox 83 2629 759 2753">
     <span class='ocr_line' id='line_1_38' title="bbox 84 2629 759 2694; baseline -0.009 -9"><span class='ocrx_word' id='word_1_258' title='bbox 84 2637 279 2685; x_wconf 81' lang='lat' dir='ltr'><strong>nsturnestbnnd</strong></span> <span class='ocrx_word' id='word_1_259' title='bbox 306 2634 691 2690; x_wconf 75' lang='lat' dir='ltr'><strong>rocutrulicnusvesmiimoum,</strong></span> <span class='ocrx_word' id='word_1_260' title='bbox 708 2629 759 2694; x_wconf 67' lang='lat' dir='ltr'><strong>qud</strong></span> 
     </span>
     <span class='ocr_line' id='line_1_39' title="bbox 83 2701 747 2753; baseline -0.009 -2"><span class='ocrx_word' id='word_1_261' title='bbox 83 2701 275 2753; x_wconf 67' lang='lat' dir='ltr'><strong>vintheserlm</strong></span> <span class='ocrx_word' id='word_1_262' title='bbox 645 2727 648 2733; x_wconf 90' lang='lat'>·</span> <span class='ocrx_word' id='word_1_263' title='bbox 740 2738 747 2745; x_wconf 88' lang='lat'><em>.</em></span> 
     </span>
    </p>
   </div>
   <div class='ocr_carea' id='block_1_8' title="bbox 486 2766 616 2815">
    <p class='ocr_par' dir='ltr' id='par_1_8' title="bbox 486 2766 616 2815">
     <span class='ocr_line' id='line_1_40' title="bbox 486 2766 616 2815; baseline 0.023 -4"><span class='ocrx_word' id='word_1_264' title='bbox 486 2766 616 2815; x_wconf 69' lang='grc' dir='ltr'><strong>οβ’</strong></span> 
     </span>
    </p>
   </div>
   <div class='ocr_carea' id='block_1_9' title="bbox 0 0 923 2950">
    <p class='ocr_par' dir='ltr' id='par_1_9' title="bbox 0 0 923 2950">
     <span class='ocr_line' id='line_1_41' title="bbox 0 0 923 2950; baseline 0 0"><span class='ocrx_word' id='word_1_265' title='bbox 0 0 923 2950; x_wconf 95' lang='lat' dir='ltr'><strong> </strong></span> 
     </span>
    </p>
   </div>
  </div>
 </body>
</html>
