1809 2950
180 144 226 200 1310
320 146 350 197 Τ.
365 145 453 197 L1v11
471 148 523 197 Lm.
538 144 585 197 IX.
605 148 665 199 Cn.
678 150 702 196 4.

175 281 259 329 fmstrs
268 280 334 326 multi
343 286 438 326 conanus
447 280 477 326 sd
487 280 647 342 erumpendum
659 278 718 341 eapti
728 286 816 333 essent,
827 282 849 327 d

171 349 222 411 jem
232 346 333 392 omnium
344 360 418 391 rennn
428 345 504 406 inopie
517 351 591 401 esset3
607 345 661 391 victi
670 344 810 391 necessitate
819 344 850 390 le-

176 415 244 475 gatos
256 410 357 462 mittunt,
374 410 412 470 qui
425 410 522 470 primum
536 424 614 475 penem
629 424 716 469 aequnrn
731 416 848 469 peterent:

177 477 196 523 si
204 490 282 539 pseem
291 488 336 520 non
344 475 495 535 impetrarent,
505 474 536 519 nti
547 480 696 535 provocarent
703 472 731 519 sd
739 487 848 535 pugnum.

177 540 239 588 Tum
257 538 359 591 Pontius,
377 538 510 584 debellatum
525 552 581 591 esse,
599 538 725 599 respondit:
746 544 778 591 et,
796 553 851 598 quo-

177 606 238 651 nism
248 619 279 649 ne
288 604 342 649 vieti
353 603 442 663 quidem
453 618 479 649 sc
490 604 549 664 cepti
559 602 672 649 fortunam
682 601 748 649 fateri
760 603 850 655 scirem,

176 668 275 717 inermes
285 683 337 713 cum
353 668 447 729 singolis
462 667 600 714 vestimentis
616 668 657 713 sub
669 669 753 729 jugum
770 668 852 713 missu-

178 750 242 780 rum:
261 733 315 778 olins
330 730 470 795 conditiones
484 732 545 794 potis
559 747 635 792 seques
649 732 715 777 victis
732 747 760 779 se
779 732 852 778 vieto·

178 799 239 844 rsous
254 796 318 853 fore3
335 796 354 841 si
369 811 425 857 egro
437 796 572 843 Samnitium
586 796 736 849 decederetur,
755 796 853 843 eoloniae

178 862 346 913 abducerentur,
364 862 411 907 suis
421 861 501 908 deinde
510 861 597 923 legibus
605 860 734 924 Romanurn
747 876 775 907 ee
787 862 853 908 Sern-

178 927 249 973 nitem
269 940 334 987 aequo
352 925 437 972 t'oedere
455 927 575 972 victurum.
619 925 665 971 His
686 925 854 973 conditionibus

178 996 280 1054 persuum
291 1006 316 1036 se
326 1005 376 1037 esse
386 989 461 1037 toedus
472 1006 523 1036 oum
535 990 662 1036 consulibus
672 989 738 1036 ferire
747 1008 753 1036 :
768 991 788 1037 si
799 991 853 1052 quid

103 1104 106 1107 ,
178 1071 257 1102 eorum
272 1056 393 1117 displicent,
410 1056 499 1117 legstos
517 1056 588 1101 redire
599 1056 626 1101 ad
638 1070 661 1101 se
672 1055 752 1101 vetuit.
789 1054 853 1102 Haee

178 1134 230 1167 eum
247 1120 330 1183 legatio
349 1120 519 1173 renuntiaretur,
537 1126 612 1166 tentus
630 1119 729 1181 gemitus
748 1121 853 1167 omnium

179 1186 252 1231 subito
263 1191 355 1231 exortus
365 1191 407 1236 est,
424 1191 532 1244 tenusque
542 1184 649 1230 moestitin
656 1185 755 1237 incessit,
768 1191 794 1230 ut
806 1201 853 1231 non

179 1249 272 1314 gravius
282 1247 394 1309 soeepturi
404 1248 540 1303 riderentur,
559 1248 577 1295 si
588 1249 733 1302 nuntiaretur,
747 1251 854 1296 omnibus

180 1332 208 1363 eo
218 1315 269 1361 loeo
279 1320 375 1359 mortem
387 1313 534 1373 oppetendam
543 1328 599 1360 esse.
619 1312 678 1361 Cum
690 1314 728 1359 diu
737 1314 853 1361 silentium

178 1382 265 1433 fuisset,
282 1394 325 1425 nee
338 1377 442 1423 eonsules
457 1383 495 1423 aut
509 1393 553 1439 pro
567 1377 651 1424 ioedere
665 1384 711 1424 tem
727 1380 796 1441 turpi,
816 1388 857 1427 sut

180 1448 264 1494 eontrn‘
272 1443 347 1492 foedus
358 1449 404 1490 tum
412 1443 569 1498 necessarium,
582 1443 667 1492 hiscere
677 1450 771 1506 possent
777 1462 785 1504 ;
803 1452 854 1492 tum

181 1512 210 1559 L
225 1510 343 1563 Lentulus,
361 1509 398 1570 qui
413 1515 462 1555 tmn
474 1508 576 1570 princeps
586 1509 712 1570 legstomm
723 1509 810 1557 virtute
821 1519 855 1558 ot·
889 1502 890 1558 i

148 1617 151 1622 .
180 1575 418 1638 quehonoribuserst,
436 1572 554 1620 “Putrem
565 1572 666 1626 meum,”
677 1573 758 1634 inquit,
773 1583 854 1622 “oon-
889 1595 890 1674 1

180 1642 248 1693 sules,
261 1653 321 1700 saepe
329 1639 403 1684 audivi
410 1645 579 1691 memorantem,
590 1653 615 1684 se
625 1639 648 1683 in
660 1637 774 1700 Capitolio
782 1655 854 1686 unum
889 1675 890 1700 3

181 1719 227 1757 non
237 1703 307 1749 fusse
317 1709 431 1748 auctorem
442 1701 529 1749 senatui
539 1703 674 1749 redimendae
684 1718 739 1749 suro
755 1719 770 1751 ι
781 1705 856 1752 Gnffis

180 1768 284 1820 civitatis,
297 1767 385 1825 qsmndo
396 1781 438 1811 neo
448 1765 510 1813 fossi
520 1768 623 1828 valloque
633 1769 660 1814 nb
667 1768 817 1829 igmvissimo
828 1772 856 1818 sd

181 1847 249 1894 opere
256 1829 507 1877 semuniendumhoste
518 1833 587 1878 clausi
597 1839 686 1889 essent3
697 1838 721 1878 et
727 1848 854 1896 erumpere,

181 1899 255 1944 sinon
266 1895 315 1940 sine
324 1894 423 1956 periodo
433 1909 526 1957 msgno,
538 1903 613 1944 tomen
624 1897 673 1943 sine
683 1895 745 1943 certi
755 1899 857 1960 pernicie

182 1966 281 2023 possent.
317 1957 387 2012 mod
402 1959 428 2011 si.
449 1966 475 2005 ut
493 1961 537 2008 dlis
556 1963 673 2008 temnere
689 1975 720 2008 ex
739 1959 858 2025 Capitolio

181 2024 272 2074 umetis
285 2023 310 2069 in
324 2024 412 2070 hostem
428 2023 499 2078 licrdt,
517 2027 573 2090 (quo
584 2041 644 2088 saepe
654 2026 722 2072 modo
733 2028 821 2075 obsessi
832 2030 856 2074 in

181 2089 308 2138 obsidentes
322 2086 454 2150 ersmerrmt)
465 2089 497 2136 itn
511 2091 575 2138 nobis
590 2105 655 2152 nequo
665 2097 705 2138 sut
714 2092 793 2152 iniquo
804 2093 857 2140 loeo

181 2154 300 2205 dimionodi
314 2154 471 2200 teutmundo
487 2170 540 2202 eum
555 2157 621 2202 hoste
637 2156 701 2218 copis
716 2163 785 2210 esset,
808 2173 857 2206 nnn

181 2221 236 2270 mihi
250 2219 336 2281 paterni
346 2219 414 2265 snimi
427 2219 515 2267 indoles
524 2221 549 2266 in
560 2220 653 2267 consilio
668 2221 741 2268 dmdo
756 2222 855 2270 deesset.

182 2285 295 2348 Equidem
305 2291 402 2330 mortem
416 2299 458 2346 pro
472 2283 543 2346 pntrid
556 2285 685 2346 praeclsrsm
700 2301 751 2332 esse
765 2285 855 2336 fetens:

181 2360 206 2399 et
212 2365 250 2398 me
257 2350 295 2396 vel
301 2349 414 2396 devovere
420 2365 462 2411 pro
469 2350 552 2410 populo
560 2349 666 2396 Romano
675 2349 857 2414 legionibusque,

181 2418 218 2464 vei
228 2416 252 2461 in
263 2414 392 2461 mediosme
399 2415 520 2461 immittere
528 2415 610 2467 hostes,
623 2422 713 2475 psrntus
724 2431 783 2462 sum.
811 2419 858 2466 Sed

180 2483 218 2528 hic
225 2479 318 2541 panim
326 2478 400 2531 rideo,
412 2479 449 2524 nte
456 2478 562 2540 quidquid
572 2477 726 2526 Romanorum
737 2481 858 2543 legiomun

80 2575 83 2583 .
181 2553 229 2592 at:
248 2558 306 2604 quse,
324 2543 367 2588 nisi
381 2559 422 2604 pro
433 2557 458 2588 se
468 2543 521 2603 ipsis
535 2543 563 2589 nd
577 2550 673 2590 mortem
685 2559 750 2590 ruere
765 2546 856 2601 volunt,

180 2607 237 2670 quid
243 2608 333 2658 hebent,
350 2607 410 2666 quod
426 2613 499 2654 morte
514 2606 555 2654 sud
565 2607 672 2654 servent?
688 2607 763 2656 Teste
776 2609 856 2666 Uriis,

181 2670 336 2730 doetsdquis,
353 2678 376 2716 et
386 2670 478 2725 moenin,
495 2679 519 2718 et
532 2687 582 2719 enm
597 2674 692 2728 turbem,
710 2672 780 2736 aqut
793 2675 858 2724 Urbs
