1809 2950
209 136 239 189 n.
252 133 407 189 emuna
420 139 493 188 xxi.
512 139 570 190 cn.
584 145 609 189 s.
692 144 742 192 ass
781 130 791 148 ⁸

79 270 111 317 ita
120 255 299 319 'deinda‘aovem
310 270 373 318 annis
385 271 409 316 in
420 264 530 331 Hispania
540 271 641 332 augendo
653 271 741 320 Punico

78 333 172 396 inperio
181 336 252 397 gessit
257 352 266 392 3
282 343 308 381 ut
318 343 437 396 appareret,
453 336 524 396 majus
535 350 592 386 eum,
605 350 670 394 quarn
681 337 739 396 quod

78 406 178 459 gereret'
185 400 270 460 agitare
279 401 302 445 in
313 400 387 444 animo
397 399 491 445 bellum:
511 406 540 451 et,
553 400 571 444 si
583 399 664 444 diutius
672 400 740 446 vixis-

77 470 119 517 set,
138 462 267 511 Hamilcare
277 464 333 510 duce
344 462 428 509 Poenoa
443 478 504 509 arma
515 462 586 509 Italiae
597 463 695 510 illaturos
705 464 741 510 fu-

78 527 199 638 muae
215 527 348 574 Hannibalis
363 527 431 638 qpctu
447 526 741 638 irqitullqruntbahlldodriqtlullp

224 608 239 638 ο
428 607 460 638 err
478 607 491 638 a
526 606 577 637 auur

22 663 29 675 “
79 663 132 701 runt
151 601 368 703 mdpdrmppofflm
390 608 516 702 lpllssdmbal
536 656 594 702 inter
614 607 698 717 dolrem
717 665 741 704 et

77 717 148 765 lilium
166 727 219 766 octo
236 720 307 766 ferme
324 735 395 766 annos
414 720 531 781 imperium
553 721 662 777 obtinuit;
685 719 741 768 flore

78 784 152 830 ends
168 785 213 848 (uti
222 782 309 844 fenmt)
324 785 396 845 primo
407 784 529 831 Hamilcari
539 786 680 832 conciliatusr
699 801 741 848 ge-

78 862 119 894 ner
129 849 182 895 inde
197 850 226 895 ob
236 849 303 896 altam
317 848 413 895 indolem
427 857 534 909 provecto
550 850 612 895 anuis
628 849 724 896 adscitus
731 866 739 907 ς

77 920 107 965 et,
126 913 179 973 quia
193 928 262 974 gener
279 920 332 965 erat,
348 912 450 959 factionis
467 913 570 959 Barcinae
585 915 669 976 opibus,
689 930 741 976 quae

77 977 137 1038 apud
156 977 237 1024 milites
257 977 386 1038 plebemque
403 977 454 1038 plus
472 993 537 1036 quam
556 979 649 1024 modicae
668 987 740 1033 eraut,

78 1041 137 1088 llaud
148 1056 202 1088 saue
211 1043 327 1088 voluntate
335 1042 465 1102 priucipimr,
478 1041 570 1102 imperio
581 1043 670 1103 potitus.
706 1041 739 1097 ls,

77 1106 143 1166 plum
161 1106 258 1152 consilio
270 1121 336 1166 quam
350 1106 373 1151 vi
388 1119 476 1166 gerens,
494 1105 593 1167 hospitiis
611 1108 738 1170 regulorum

78 1170 159 1232 magis,
170 1170 355 1230 conciliandisque
364 1184 404 1230 per
414 1170 532 1215 amicitiam
542 1170 664 1232 principum
675 1173 739 1220 novis

76 1234 190 1295 genuina
206 1249 273 1294 quam
288 1234 347 1280 bello
362 1241 401 1280 aut
415 1234 489 1287 arnus,
506 1249 552 1281 rem
570 1233 740 1298 Carthaginien·

76 1313 124 1344 nn
135 1298 206 1344 adalt-
241 1297 355 1346 Caeterum
366 1297 434 1343 nihilo
448 1299 469 1344 ei
483 1313 527 1360 pax
538 1300 606 1345 tutior
615 1299 671 1345 fiiis:
689 1302 739 1347 bar-

75 1363 144 1408 batus
153 1378 206 1408 curn
216 1363 305 1422 quidam
315 1363 394 1424 palam,
406 1363 499 1409 obirem
510 1363 618 1409 interfecti
629 1365 656 1409 ab
664 1379 691 1409 eo
699 1364 739 1410 do-

75 1425 139 1481 mini,
156 1428 312 1485 obtruncavit3
329 1427 543 1489 comprehensusque
559 1428 586 1472 ab
596 1427 739 1474 circumstan.

76 1491 143 1544 ribo,
161 1493 221 1539 baud
239 1493 282 1539 alio
298 1492 397 1551 quamsi
413 1492 519 1538 evasisset
534 1492 605 1544 vultu,
623 1494 741 1540 tormentis

75 1572 165 1618 quoquc
180 1572 232 1603 cum
247 1557 385 1609 honestetur,
402 1572 430 1601 eo
439 1554 482 1601 fuit
493 1556 567 1601 habitu
583 1556 634 1607 oris,
652 1564 683 1613 ut,
701 1572 740 1603 su.

75 1629 168 1683 perante
183 1619 261 1667 laetitii
276 1621 370 1673 dolores,
387 1620 478 1666 ridentis
494 1620 559 1669 etiarn
576 1619 669 1679 speciem
680 1636 738 1681 prae-

74 1684 153 1732 buerit.
191 1684 250 1733 Cum
266 1686 309 1731 hoc
328 1683 474 1737 Hasdrubale,
495 1683 546 1744 quia
563 1684 625 1730 mirae
643 1684 696 1730 artis
714 1685 738 1730 in

74 1749 220 1797 soffioitandis
231 1750 340 1811 gentibus,
357 1748 494 1810 imperioque
503 1748 623 1809 jungendis
638 1763 678 1797 auo
688 1748 739 1796 fise-

74 1821 117 1867 rat‚
133 1813 209 1861 ioedua
228 1820 372 1860 renovaverat
388 1814 482 1874 populus
501 1812 624 1865 Romanus,
644 1820 669 1858 ut
686 1811 741 1861 linia

74 1878 193 1938 utriusque
202 1878 287 1939 imperii
297 1885 357 1923 esset
371 1877 443 1923 amnis
454 1875 537 1929 Iberus,
556 1876 734 1939 Saguntinisque,

76 1943 154 1989 mediis
163 1943 223 1989 inter
232 1942 324 2003 imperia
334 1941 427 1987 duorum
436 1940 575 2002 populorum,
592 1942 679 1989 libertas
690 1958 740 1991 sen·

75 2014 172 2053 metus.

108 2069 157 2117 111.
178 2070 361 2118 Iansdmbalis
378 2071 459 2125 locum,
478 2071 536 2117 haud
554 2071 618 2118 dubia
634 2086 669 2119 res
685 2072 736 2126 mit,

74 2133 740 2261 ffilli‘l'ffllsslllltllpiifflllffit

75 2265 176 2311 omniimn
190 2265 287 2311 clamore
296 2272 363 2323 atque
372 2278 463 2309 msensu
473 2263 593 2325 appellatus
603 2269 656 2313 erat,
673 2258 736 2309 favor

75 2328 141 2375 etiarn
163 2329 233 2390 plebis
254 2335 388 2388 sequeretur.
429 2326 499 2374 Hunc
520 2324 611 2372 vixdum
632 2325 735 2385 puberem

76 2390 506 2440 Hasdmballiterisadsearcessieratz
525 2390 734 2450 actaqucresetiam

75 2457 98 2502 iu
114 2464 195 2503 matu
204 2455 284 2509 sumat,
301 2456 401 2502 Barcinis
417 2455 543 2507 nitentibus,
561 2462 586 2500 ut
601 2462 737 2500 manesceret

74 2520 161 2569 militiae
173 2520 293 2574 Hanmbal,
309 2528 375 2582 atque
385 2521 410 2565 in
421 2527 523 2582 paternas
537 2519 663 2565 succederet
673 2530 733 2578 opes·

75 2584 169 2639 Hanno,
181 2586 272 2631 alterius
280 2584 382 2631 factionis
390 2585 500 2646 princeps,
517 2590 533 2613 ‘⁴
542 2573 574 2630 Et
584 2596 672 2643 aequrm
683 2596 735 2642 pos·

74 2650 146 2698 talare
159 2648 274 2705 videar?
289 2649 368 2710 inquit,
387 2647 739 2711 ⁴⁴11md1uhu;etcgotamen
