1809 2950
211 165 242 214 Τ.
254 165 410 216 ΕΝΙΙιίη
424 165 512 216 xm
531 167 592 218 Cn·
605 172 645 219 47.
710 176 762 220 848

94 293 419 358 mngndexpsrtecrederes
437 298 522 356 eciem:
546 298 760 355 itsarmstiernnt,

94 360 205 407 miset
221 361 248 407 nd
263 361 373 426 Trebiam,
393 369 499 408 coeterum
515 361 598 423 mngnd
612 377 642 409 cx
656 372 719 424 pute
733 365 763 412 od

94 423 261 478 Trasimenum,
274 425 349 487 ceptis.
385 427 457 473 Gallis
468 426 620 488 Hispanisque
630 434 693 473 scuto
702 429 762 489 ejus-

95 490 150 536 dem
159 489 238 536 formae
248 489 294 536 lere
307 496 383 547 erant3
400 491 497 552 dispares
511 507 537 537 sc
551 491 667 537 dissimiles
679 491 761 552 gindii3

95 554 173 602 Gallis
182 554 290 616 praelongi
301 569 327 600 ac
338 554 384 599 sine
394 555 550 612 mucronibus;
568 554 678 616 Hispsno
690 571 761 616 puno·

92 619 139 665 tim
150 619 222 678 magis
232 633 297 678 qusm
308 619 383 664 cresim
393 628 482 665 assueto
492 627 567 681 petere
579 621 674 673 bostem,
688 620 762 666 breri-

95 689 145 730 csse
153 683 242 735 habiles,
254 690 277 729 et
288 697 339 728 cum
350 683 503 730 mucronibus.¹
532 683 595 730 Ante
605 691 705 737 caeteros,
721 685 761 733 hs·

94 747 157 794 bitus
175 747 275 807 gentium
293 747 377 801 bsrum,
397 754 444 793 turn
464 748 617 810 magnitudine
634 763 759 808 corporum,

93 817 146 857 tum
167 810 244 871 specie,
264 811 365 856 terribilis
383 819 436 857 emt
473 813 534 860 Gelli
552 829 617 874 super
633 812 760 858 umbilicum

94 880 162 922 ersnt
172 874 234 920 nudi:
253 872 349 936 Hispani
358 874 431 921 linteis
440 877 556 937 proetextis
565 873 661 938 purpurl
670 876 759 931 tunicis,

93 939 193 986 candore
213 939 269 984 miro
289 937 430 1000 fulgentibus,
454 941 604 986 constiterant.
644 939 760 988 Numerus

94 1003 196 1050 omnium
207 1003 311 1064 peditum,
327 1004 422 1063 quitum
437 1010 546 1050 steterunt
559 1005 582 1048 in
596 1005 649 1057 scie,
665 1005 759 1055 millium

92 1067 139 1114 fuit
157 1067 306 1128 qundrsgints,
326 1068 402 1114 decem
418 1067 525 1127 equum
560 1067 639 1114 Duces
656 1070 760 1116 cormbus

92 1137 211 1195 praeernnt,
228 1132 316 1177 sinistro
328 1129 461 1185 Hasdrubal,
478 1132 557 1178 dextro
567 1131 693 1185 Maharbal:
710 1148 759 1179 me-

93 1195 156 1242 dinm
166 1196 234 1242 eciem
246 1195 359 1242 Hannibal
368 1196 415 1257 ipse
425 1212 477 1243 cum
486 1195 555 1244 fratre
565 1195 667 1257 Magone
676 1197 755 1243 tenuit.

93 1260 144 1314 801,
162 1275 201 1306 seu
217 1260 245 1306 de
257 1258 364 1306 industrii
379 1261 410 1307 its
425 1261 509 1314 bostis,
527 1276 567 1307 seu
583 1261 643 1320 quod
656 1259 714 1306 forte
727 1262 759 1308 its

95 1331 188 1378 serent,
199 1331 360 1386 peropportune
370 1325 458 1385 utrique
466 1325 523 1386 parti
533 1325 635 1384 obliquus
642 1332 696 1378 erst,
708 1324 758 1371 Ro·

92 1389 168 1436 msnis
180 1389 204 1434 in
218 1389 338 1442 meridiem,
355 1388 433 1436 Poenis
446 1389 470 1433 in
484 1389 664 1450 septemtrionem
677 1389 756 1435 versis.
807 1436 810 1443 ‚

92 1451 193 1507 Ventus,
206 1452 353 1517 (Vulturnum
361 1453 440 1499 incole
448 1453 544 1513 regionis
551 1450 644 1512 vocant)
653 1452 771 1512 sdversur‘

94 1518 205 1566 Remmia
215 1524 311 1571 coortus,
323 1518 394 1564 multo
404 1518 495 1579 pulvere
504 1517 528 1562 in
537 1518 585 1579 ipse
592 1530 632 1563 ors
638 1517 756 1571 volvendo,

91 1590 236 1646 prospectum
246 1583 333 1629 sdemit.

117 1645 236 1695 XLVII.
255 1645 359 1693 Clamore
370 1647 462 1698 subluto,
477 1660 608 1709 procursum
619 1646 650 1692 sb
661 1645 755 1700 auxiliis,

89 1717 118 1767 et
135 1726 212 1772 pugne
229 1711 313 1757 levibus
330 1712 426 1771 primum
442 1711 508 1758 armis
523 1710 654 1758 commissu:
678 1709 758 1757 deinde

92 1776 193 1836 equitum
205 1775 322 1822 Gallorum
333 1774 618 1837 Hispanorumquelaevum
627 1789 697 1821 cornu
705 1788 756 1821 csun

88 1840 174 1887 dextro
192 1839 296 1885 Romano
318 1840 435 1892 concurrit,
457 1840 548 1887 minime
567 1839 676 1901 equestris
693 1854 759 1886 more

90 1918 189 1967 pugnae:
208 1903 316 1949 frontibus
330 1904 389 1950 enim
404 1905 501 1951 sdversis
514 1905 690 1951 concurrendum
700 1910 755 1957 erut,

89 1968 152 2029 quim
169 1967 231 2013 nullo
247 1968 305 2014 circs
319 1967 347 2014 sd
362 1969 501 2029 evagandum
516 1970 593 2016 relicto
609 1969 688 2031 spstio,
704 1968 757 2013 bine

89 2032 172 2085 smnio,
193 2032 244 2077 binc
261 2032 359 2093 peditum
377 2032 441 2085 scies,
461 2033 590 2080 clsudebunt
607 2033 630 2078 in
647 2032 755 2078 directrrm
846 2052 852 2060 =

89 2097 204 2157 utrimque
218 2097 319 2143 nitentes.
355 2096 468 2143 stantibus
478 2113 510 2143 sc
524 2097 629 2144 confertis
642 2102 755 2157 postremo

91 2159 157 2207 turbd
167 2161 239 2221 equis,
248 2161 283 2206 vir
292 2161 364 2207 virum
375 2161 489 2222 amplexus
497 2162 622 2207 detrsbebst
629 2173 698 2217 equor
715 2173 755 2219 pe·

90 2222 752 2286 destremegndjsmexpnrtecertsmcnfnctumertt:

91 2289 164 2335 scrius
178 2295 252 2335 tumen
269 2304 334 2348 quum
350 2288 431 2335 diutius
446 2296 570 2350 pugnatum
585 2292 634 2342 est3
653 2285 755 2346 pulsique

90 2352 190 2401 sommi
205 2353 289 2413 equites
303 2360 366 2414 tergs
379 2359 477 2399 vertunt
512 2352 559 2399 Sub
569 2350 677 2410 equestris
686 2348 754 2395 finan

89 2416 217 2465 salominis
227 2424 303 2463 coorts
312 2424 347 2463 est
356 2418 455 2479 peditum
465 2430 547 2478 pugne.
580 2413 659 2460 Primo
667 2419 692 2457 et
701 2412 755 2458 riri-

88 2482 132 2529 bus
142 2488 166 2528 et
173 2481 255 2529 nuituis
264 2496 327 2543 psres
338 2482 468 2527 constabant
481 2479 569 2525 ordines
584 2476 656 2525 Gadis
668 2474 756 2537 Hispo·

91 2546 182 2607 nisques
197 2545 290 2593 tandem
303 2546 409 2599 Romsni,
424 2545 462 2592 diu
475 2559 502 2590 ec
511 2558 571 2605 saepe
581 2540 674 2593 connisi,
688 2538 755 2615 aequi

89 2608 164 2667 boote
173 2610 264 2674 scioque
272 2606 458 2675 densijmpdtre
467 2608 564 2658 bostium
574 2620 674 2657 mosum
688 2604 758 2658 nimus
