1809 2950
120 653 278 711 url'roun
295 658 391 708 LIBRI
407 656 566 710 VICESIMI
582 657 692 712 PRIMI.

73 813 108 861 Irr
124 804 217 861 ltaliam
234 813 286 860 belli
305 811 385 860 Punici
403 815 492 862 secundi
511 821 573 862 ortus
590 823 696 869 narratur,
716 822 741 862 et

73 877 213 925 Hanmhlis
221 877 343 925 Poenorum
352 879 421 932 ducis,
429 887 508 925 contra
514 879 593 933 foedus,
602 896 641 942 per
650 879 739 926 Iberum

60 957 166 989 mrtem
177 942 297 999 munitum
313 958 381 1002 aquo
392 943 524 1004 Saguntum,
541 945 649 991 sociorum
664 943 740 1006 populi

73 1005 175 1053 Romani
186 1005 270 1060 civitas,
283 1007 378 1060 obsessa,
390 1015 470 1053 octavo
480 1022 556 1054 mense
566 1017 630 1070 capta
640 1017 680 1055 est.
699 1007 739 1056 De

74 1071 156 1135 qmlrus
173 1071 259 1132 injuriis
277 1071 338 1117 missi
352 1071 421 1133 legati
436 1072 464 1118 sd
481 1069 681 1133 Carthaginienses,
702 1072 741 1134 qui

73 1142 232 1196 quererentur:
250 1151 300 1181 cum
311 1135 437 1182 satisfacere
444 1135 535 1189 nollent,
547 1137 627 1182 bellum
636 1138 663 1183 iis
670 1137 740 1184 indic-

74 1207 124 1246 tum
143 1206 186 1245 est.
224 1197 344 1253 Hanmltal,
365 1208 467 1261 superato
486 1199 596 1261 Pyrenaeo
616 1202 679 1254 saltu,
700 1217 740 1264 per

75 1263 170 1317 Gallias,
190 1261 246 1310 fusis
260 1262 345 1317 Volcis,
362 1265 400 1324 qui
416 1267 521 1312 obsistere
537 1266 609 1312 conati
625 1273 694 1320 erant,
712 1264 742 1313 ari

74 1328 148 1391 Alpes
158 1328 233 1384 renit;
249 1335 272 1373 et
281 1328 390 1374 laborioso
400 1345 439 1392 per
449 1345 486 1376 eas
497 1330 590 1376 transitu
602 1331 664 1393 (cum
675 1343 740 1376 mon-

74 1399 141 1440 tanos
151 1407 240 1453 quoque
251 1393 330 1439 Gallos
340 1393 417 1440 obvios
426 1395 510 1454 aliquot
519 1394 602 1456 proeliis
613 1391 739 1455 repulisset)

73 1457 189 1505 detomdit
198 1456 221 1502 in
233 1454 327 1511 ltaliam,
340 1457 400 1506 etad
410 1457 514 1505 Ticinum
525 1472 612 1505 amnem
624 1457 740 1505 Romanos

73 1523 171 1585 etprestri
185 1521 265 1583 proelio
277 1521 346 1569 fudit:
366 1524 389 1568 in
404 1539 447 1583 quo
462 1524 601 1569 vulneratum
615 1520 641 1568 P.
653 1520 740 1569 Come-

72 1586 128 1633 lium
146 1586 273 1648 Scipionem
292 1587 388 1648 protexit
405 1587 471 1639 filius,
492 1588 528 1647 qui
547 1586 647 1633 Africani
664 1594 741 1648 postes

74 1665 158 1697 nomen
168 1651 260 1712 accepit.
296 1650 424 1712 Iterumque
434 1652 532 1698 exercitu
542 1649 647 1698 Romano
658 1651 685 1697 ad
696 1650 739 1697 flu.

72 1730 126 1763 men
135 1714 242 1762 Troiiam
249 1714 306 1770 fuso,
320 1715 433 1763 Hmmlal
440 1716 584 1777 Apenninum
593 1730 687 1777 quoque,
698 1730 739 1779 per

73 1793 180 1842 mgnum
196 1780 290 1826 militum
304 1781 443 1827 vexationem
458 1788 547 1843 propter
560 1780 606 1825 rim
620 1788 664 1827 tem
693 1788 739 1829 sta-

74 1852 130 1898 tum,
142 1844 238 1892 transiit.
266 1842 309 1893 Cu.
320 1843 437 1894 Cornelius
448 1845 522 1908 Scipio
532 1846 555 1891 in
567 1843 661 1907 Hispan*
682 1860 738 1893 con-

72 1907 206 2037 ξιμίωυοε
215 1924 320 1973 prospere
329 1911 444 1973 pugnavit,
460 1911 516 1957 duce
527 1911 623 1957 hostium
635 1908 738 1975 Magone
