1809 2950
28 133 30 140 ·
126 143 158 188 ρο
253 136 282 184 r.
295 133 382 184 n1v11
399 133 523 182 nnvn.
543 114 604 185 bne
618 135 655 183 ιτ.

127 263 231 315 nemetes
242 282 292 314 cum
304 273 356 314 ante
366 266 450 313 moenia
460 279 503 312 sua
510 263 588 311 castris
597 260 728 324 permunitis
739 277 796 310 con-

127 333 249 389 sedissent;
266 333 352 378 vocatis
368 331 396 377 ad
411 331 541 376 concionem
556 328 668 381 militibus,
687 335 703 358 ‘⁴
714 326 797 377 Castra

126 395 211 450 nunc‚'’
223 397 303 456 inquit,
317 395 404 442 “vobis
415 396 520 447 hostium,
532 394 654 452 urbemque
663 393 745 454 praedae
755 394 794 448 do,

126 463 145 508 sl
160 461 213 507 mihi
227 461 368 522 pellemini,
385 475 427 506 vos
437 459 525 505 fortiter
534 459 557 503 in
568 457 615 504 acie
625 472 714 518 operam
721 473 795 512 ¹nava-

126 535 196 579 turos,
209 541 250 572 nec
258 524 340 585 praedae
348 524 427 584 magis,
440 538 507 583 quam
517 537 607 583 puguae,
619 528 707 582 paratos
717 521 794 569 ease.”

118 591 224 652 ¹Signum
235 595 331 650 poscunt
338 589 424 650 ingenti
433 587 542 633 clamore:
556 586 652 645 celsique
659 594 683 632 et
691 588 798 648 spehaud

128 652 193 700 dubit
203 653 288 700 feroces
296 653 319 698 in
330 652 433 714 proelimn
444 651 535 698 vadunt.
562 649 597 695 lbi
605 658 656 696 aute
664 652 729 712 signa
739 652 793 713 Sex.

129 718 223 771 Tullius,
242 717 269 763 de
286 732 330 778 quo
346 715 497 762 antedictum
515 722 557 767 est,
574 715 697 761 exclamat:
722 717 798 762 “Ad-

130 783 196 844 spice,
208 780 352 843 imperator,''
368 781 447 841 inquit.
467 779 676 840 “quemadmodum
687 781 798 826 exercitus

131 855 183 893 tuus
198 847 236 892 tibi
252 846 360 907 promissa
376 843 500 907 praestet:''
518 844 606 905 piloque
622 845 701 905 posito,
720 843 799 892 st'ric'to

130 912 205 973 gladio
216 912 239 957 in
250 913 337 956 hostem
348 912 454 972 impetum
465 909 525 955 lacit·
561 909 690 968 Sequuntur
697 908 799 956 Tullium

130 976 269 1038 antesignani
278 975 362 1028 omnes,
372 976 488 1036 primoque
494 974 579 1034 impetu
586 971 687 1020 averteire
693 975 782 1020 hostem
791 993 797 1021 ε

130 1040 205 1087 iusum
224 1041 275 1087 inde
294 1040 322 1086 ad
340 1040 444 1101 oppidum
462 1038 580 1100 persecuti,
597 1054 649 1084 cum
663 1040 711 1100 jam
729 1039 800 1086 scalas

131 1105 242 1166 moenilpus
259 1105 409 1158 admoverent.
427 1105 450 1149 in
466 1103 690 1149 deditionem'urbem
707 1119 800 1165 accepe-

133 1177 191 1216 runt.
226 1168 363 1230 Triumphus
374 1169 401 1214 de
412 1168 579 1215 Privernatibus
586 1174 656 1213 actus·
682 1168 720 1213 Ab
730 1168 801 1214 altero

133 1233 224 1280 consule
240 1234 294 1279 nihil
308 1234 449 1280 memorabile
464 1240 568 1295 gestum5
585 1233 627 1278 nisi
643 1233 702 1292 quod
716 1234 799 1294 legun,

134 1313 193 1344 novo
204 1299 306 1360 exemplo
317 1299 345 1345 ad
357 1298 456 1345 Sutrium
466 1297 491 1342 in
501 1297 579 1344 castris
589 1297 687 1342 tributim
699 1298 730 1344 de
739 1297 802 1344 vice-

133 1361 283 1416 araneorum,
296 1363 334 1424 qui
342 1363 557 1415 manumitterentur,
570 1361 626 1407 tulit.
654 1361 740 1415 Patres,
750 1363 803 1422 quia

134 1426 160 1475 ei
177 1429 227 1492 lege
244 1428 303 1475 haud
319 1443 412 1490 parvum
428 1427 525 1489 vectigal
539 1427 599 1488 inopi
614 1426 692 1472 aerario
703 1427 801 1475 additum

133 1502 199 1547 esset,
212 1502 313 1541 auctores
323 1494 420 1541 fuerunt.
451 1491 565 1541 Caeterum
577 1492 657 1537 tribuni
668 1493 744 1553 plebis,
755 1507 803 1539 nou

134 1564 180 1604 tam
188 1558 239 1619 lege
247 1574 314 1618 quam
325 1558 427 1619 exemplo
435 1558 498 1610 moti,
510 1572 539 1602 ne
549 1557 598 1617 quis
608 1565 686 1617 postea
695 1558 803 1619 populum

135 1630 256 1675 sevocaret,
275 1623 346 1683 capite
357 1629 490 1668 sanxerunt:
510 1622 564 1666 nihil
576 1622 637 1667 mim
651 1637 696 1667 non
710 1636 749 1683 per
759 1622 803 1668 mi-

134 1686 192 1739 lites,
205 1688 294 1747 juratos
308 1686 441 1731 in'consulis
452 1686 527 1739 verba,
543 1687 645 1746 quamvis
653 1686 804 1747 perniciosum

134 1751 224 1812 populo,
242 1751 260 1795 si
277 1750 300 1795 id
316 1749 399 1802 liceret,
415 1749 468 1795 ferri
486 1765 558 1811 posse.
593 1750 681 1797 Eodem
696 1763 756 1797 auno
771 1749 801 1799 C.

136 1814 237 1861 Licinius
249 1814 313 1861 Stolo
324 1828 338 1859 a
348 1813 383 1859 Μ.
394 1812 490 1875 Popillio
498 1813 600 1867 Laenate,
610 1814 650 1861 sui
657 1815 715 1876 lege,
726 1816 804 1861 decem

122 1882 123 1887 ’
136 1878 231 1925 millibus
246 1879 297 1925 aeris
311 1885 346 1924 est
361 1877 484 1932 damnatus,
501 1879 561 1939 quod
571 1880 632 1925 mille
637 1881 743 1941 jugerum
754 1881 804 1941 agri

136 1956 187 1988 cum
201 1942 247 1989 filio
261 1942 390 2004 possideret,
407 1944 610 2006 emancipandoque
622 1942 693 1991 tilium
702 1943 804 1992 fraudem

136 2007 181 2069 legi
191 2006 287 2055 fecisset.

169 2070 254 2117 XVII.
273 2072 336 2119 Novi
347 2072 450 2119 consules
460 2072 519 2126 inde,
537 2072 574 2119 M.
586 2072 668 2121 Fabius
678 2074 806 2122 Ambustus

138 2137 266 2190 secundum,
290 2145 313 2185 et
330 2138 365 2184 M.
380 2136 488 2199 Popillius
506 2137 589 2184 Laenas
608 2140 736 2193 secundum,
760 2139 806 2186 duo

136 2201 193 2249 bella
204 2199 305 2249 habuere.
318 2216 320 2221 ’
342 2201 417 2249 Facile
427 2202 521 2248 alterum
532 2218 583 2249 cum
591 2202 727 2257 Tiburtibus,
745 2204 807 2263 qtmd

137 2264 221 2313 Laenas
237 2266 322 2329 gessit;
340 2267 385 2327 qui,
403 2267 468 2313 hoste
481 2267 505 2312 in
516 2268 592 2313 urbem
603 2268 725 2329 compulso.
738 2283 808 2329 agros

136 2332 239 2378 vastavit·
270 2331 351 2379 Falisci
361 2330 579 2391 Tarquiniensesque
589 2332 683 2377 ulterram
691 2332 808 2378 consulem

138 2394 209 2455 primi
227 2395 303 2458 pugni
321 2396 433 2441 fuderunt.
469 2394 526 2440 lnde
542 2402 614 2441 terror
629 2396 739 2441 maximus
750 2395 806 2451 tuit,

138 2461 197 2517 quod
212 2462 338 2509 sacerdotes
353 2475 437 2512 eorum,
454 2458 539 2503 facibus
549 2460 676 2505 ardentibus
686 2460 808 2521 anguibus-

138 2538 182 2581 que
191 2526 296 2585 praelatis,
304 2526 393 2570 incessu
400 2522 473 2569 furiali
480 2522 572 2568 militem
583 2523 713 2570 Romanurn
720 2523 810 2573 insueta

138 2588 283 2635 turbaverunt
298 2589 385 2649 specie;
402 2594 425 2633 et
439 2594 494 2631 tunc
509 2586 605 2645 quidem,
622 2588 685 2634 velut
698 2589 809 2651 lymphati

139 2657 161 2696 et
178 2652 273 2707 attoniti,
293 2652 437 2701 munimentis
454 2650 500 2697 suis
513 2651 599 2713 trepido
615 2652 707 2714 agrru'ue
722 2652 809 2701 incide-
