1809 2950
236 107 267 159 r.
280 67 368 164 nrvu
385 105 439 160 ut
453 107 554 160 xxrn
570 84 689 162 ‘claro
755 118 805 164 415

128 241 242 303 ambigere
260 234 425 296 solitusesset,
447 257 488 288 cur
508 257 555 289 non
575 241 636 289 terro
657 243 801 304 decernerem

128 307 236 366 daretque
244 305 318 368 opime
328 305 398 367 spolia
409 306 489 361 vittus,
498 315 538 354 sut
545 307 618 354 victor
625 306 748 370 caperetl⁸'

160 365 268 416 XLVII.
296 368 357 418 Haec
369 370 406 417 ubi
417 370 497 418 Asello
509 372 610 418 nuntiata
620 373 707 419 suntin
720 381 800 429 castra,

127 435 151 482 id
162 435 229 494 modo
238 442 344 489 moratus,
354 442 380 480 ut
387 435 502 482 consulem
511 444 686 498 percontaretur,
696 439 802 485 liceretne

125 505 191 546 extre
216 500 315 548 ordinem
336 501 360 545 iu
384 508 544 562 provocantem
569 502 657 548 hostem
682 503 803 565 pugnare?

127 563 237 626 permissu
256 566 304 626 ejus
320 579 382 610 arma
400 565 514 627 extemplo
536 566 609 628 cepit3
637 575 802 628 provectusque

127 636 182 676 ante
198 629 305 675 stationes
320 643 385 688 equo,
406 627 519 676 Tauream
538 631 630 677 nomine
649 631 798 694 compellavit,

127 693 285 754 congredique,
312 693 349 738 ubi
370 693 444 747 vellet,
467 695 542 757 jussit.
572 693 626 743 Jam
650 695 750 743 Romani
772 697 801 744 ad

127 758 279 820 spectaculum
306 772 391 819 pugnae
415 758 463 820 eJ'us
485 758 614 820 frequentes
638 761 754 819 exierant3
778 769 802 809 et

128 821 247 884 Campani,
265 835 311 866 uon
328 821 411 868 vallum
431 822 499 869 modo
513 831 644 880 castmrnrn,
661 826 701 873 sed
717 826 802 874 moenia

125 888 197 934 etiarn
219 885 286 939 urbis,
309 883 477 947 prospectantes
498 889 644 950 repleverant.
680 882 740 939 Cum
751 892 801 952 jam

127 959 182 1000 ante
194 949 306 997 ferocibus
322 949 387 997 dicus
398 966 445 997 reru
460 950 620 1008 nobilitissent,
632 953 719 1002 infestis
730 956 801 1002 hastis

126 1013 270 1065 eoncitbruut
286 1029 371 1076 equos:
397 1014 448 1062 dein
469 1015 539 1062 libem
555 1018 627 1078 spatio
644 1019 704 1066 inter
722 1035 747 1067 se
765 1020 800 1067 lu-

126 1081 251 1134 dificantes,
268 1080 316 1127 sine
332 1079 427 1126 vulnere
442 1095 543 1142 pugnam
561 1083 712 1130 extrahebant
738 1083 800 1131 Tum

128 1145 260 1208 Campanus
267 1144 381 1198 Romano,
395 1151 411 1174 ⁴⁶
419 1144 564 1206 Equorum,”
573 1146 652 1206 iuquit,
663 1154 679 1177 ⁴⁴
690 1148 741 1202 boc,
753 1163 800 1196 non

125 1211 234 1272 equitum,
251 1210 293 1256 erit
308 1216 428 1264 certamen,
447 1210 638 1272 nielecampoIn
649 1226 727 1260 cavam
742 1213 801 1260 banc

124 1278 187 1325 viam
209 1273 347 1320 demittimus
365 1289 449 1334 equos:
472 1275 509 1329 rbi,
529 1275 592 1321 nullo
610 1275 639 1321 ad
658 1276 800 1338 evagandum

123 1341 204 1404 spatio,
221 1338 347 1386 comminus
360 1347 506 1386 conserentur
519 1338 626 1386 manus.”
643 1339 716 1386 Dicto
731 1355 802 1404 prope

124 1406 192 1455 citius
213 1418 297 1464 equum
316 1403 339 1448 ln
360 1403 420 1450 riam
443 1401 552 1452 Claudius
573 1404 660 1467 dejecit.
701 1403 798 1461 Taurea,

124 1470 200 1520 verbis
214 1467 317 1515 ¹ferocior
335 1484 403 1529 quam
425 1484 457 1523 re,
483 1476 499 1499 “
516 1467 614 1516 Minime
636 1467 693 1525 sis,”
718 1469 799 1532 inquit,

126 1534 293 1583 “cantherium
307 1534 332 1580 iu
347 1529 439 1580 soon?
456 1547 509 1595 quae
522 1548 569 1581 vox
584 1534 608 1581 in
622 1534 730 1582 rusticum
748 1535 802 1583 inde

122 1599 265 1666 proverbium
285 1598 379 1661 prodita.
415 1595 531 1653 Claudius,
553 1614 606 1645 oum
627 1614 656 1646 ex
674 1596 711 1647 vit
730 1601 801 1663 longe

120 1662 290 1731 perequitbsset,
303 1663 365 1710 nullo
381 1664 447 1709 obvio
465 1664 538 1717 hoste,
553 1663 577 1710 in
593 1678 696 1726 campum
711 1680 800 1711 rursum

124 1739 224 1783 evectus,
233 1730 350 1791 Increpans
358 1728 471 1790 ignem
479 1728 557 1782 bostis,
566 1744 619 1775 cum
625 1743 709 1791 magno
716 1729 800 1792 gaudio

125 1804 149 1845 et
165 1794 315 1857 gratulatione
328 1794 401 1839 victor
415 1793 440 1840 iu
453 1800 526 1840 castra
541 1793 605 1840 redit·
633 1792 696 1840 Huic
714 1810 800 1856 pugnae

124 1860 223 1923 equestn
237 1874 285 1905 rem
301 1858 378 1923 (quarn
397 1858 451 1905 satis
468 1865 559 1913 certam,
579 1858 705 1905 communis
722 1860 799 1907 existi-

125 1926 195 1973 mstlo
202 1924 255 1983 est),
263 1923 385 1971 mirabilem
396 1928 464 1977 certe,
476 1924 583 1987 sdecIunt
590 1923 679 1985 quidam
689 1924 796 1973 annales:

124 2006 177 2039 cum
197 1988 344 2051 refugientem
363 1988 392 2034 ad
412 1989 491 2035 urbem
509 1988 622 2035 Tauream
639 1986 747 2037 Claudius
762 2004 799 2035 se-

122 2061 237 2118 queretur,
257 2052 341 2114 patenti
360 2052 458 2099 bostium
477 2060 550 2115 portae
566 2050 748 2114 invectum,¹per
765 2055 798 2099 nl·

123 2129 201 2175 teram,
221 2117 359 2181 stupentibus
374 2118 482 2166 miraculo
497 2119 605 2174 hostibus,
620 2118 730 2165 intactum
744 2131 798 2165 ers·

124 2200 186 2233 sisse.

156 2246 278 2296 XLVIII.
312 2248 396 2303 Quieta
416 2249 470 2296 lude
490 2248 573 2296 stativa
590 2242 662 2302 suere,
687 2262 714 2294 ao
736 2252 796 2293 retro

123 2314 191 2361 etlam
208 2314 287 2360 consul
307 2315 379 2360 movit
398 2321 478 2367 castra,
501 2319 527 2360 ut
546 2318 669 2359 sementem
687 2309 796 2373 Campani

122 2379 235 2426 Iacerent:
255 2392 297 2425 nec
308 2372 360 2426 ante
369 2378 463 2426 violavit
472 2393 552 2441 agrum
564 2375 712 2439 conponam,
729 2390 796 2437 quarn

120 2446 168 2507 jam
188 2444 240 2490 altae
258 2443 282 2488 iu
300 2445 412 2505 segetibus
428 2444 504 2491 berbae
518 2443 623 2505 pabulum
641 2442 740 2505 praebere
755 2455 797 2502 po-

124 2515 204 2555 teraut.
225 2505 253 2553 Id
266 2510 372 2555 convexit
385 2508 409 2553 iu
426 2506 551 2556 Claudiana
564 2514 637 2554 castra
649 2522 715 2569 super
727 2505 796 2553 Sues-

124 2572 212 2631 sulem3
228 2573 302 2633 ibique
320 2573 412 2621 hiberna
430 2573 562 2622 aedificaritr
581 2572 618 2621 M·
633 2568 796 2633 Claudio'pro-
