1809 2950
164 169 194 212 10
291 163 329 212 “Τ.
341 161 570 213 LIVIILmVII.
587 162 647 214 Gar.
661 153 688 210 8ss

163 293 289 358 implevdre.
333 291 450 362 Immunes
474 310 564 357 quoque
589 307 680 356 operum
701 291 829 339 militarium

163 367 233 411 erant,
251 367 283 414 ut,
300 359 324 419 in
343 355 411 406 unum
431 375 515 422 pugnae
533 360 630 406 laborem
649 357 761 411 reservui,
778 357 830 418 plus

149 461 151 473 .
163 425 210 477 sibi,
223 441 289 486 quam
298 440 338 500 pro
348 425 406 470 virili
416 432 485 500 parte,
497 424 640 470 annitendum
649 423 737 468 seirent.
755 421 832 468 Extra

164 489 263 536 ordinem
280 489 346 535 etiam
361 489 384 533 in
399 489 445 535 acie
459 489 532 542 locati,
550 504 594 549 quo
610 487 748 549 conspectior
758 487 831 532 virtus

163 562 229 602 esset.
264 552 345 599 Duum
362 553 456 598 millium
473 553 574 614 planities
593 560 665 599 castre
681 552 786 598 Romana
802 551 832 596 ab

164 617 271 665 Hernicis
282 617 407 663 dirimebat.
426 618 456 664 ibi
466 632 514 679 pan
506 617 594 664 ferme
604 618 715 677 utrimque
725 615 796 694 qutio
806 615 831 659 in

103 691 105 694 '
163 683 236 744 medio
257 688 381 743 pugnatum
403 689 443 728 est.
486 681 563 728 Primo
585 683 647 728 stetit
668 676 771 742 ambigui
790 693 832 741 spe

163 761 253 822 pugna3
270 746 417 806 nequidquam
429 762 489 808 saepe
499 747 584 793 conatis
598 746 706 806 equitibus
720 743 833 791 Romanis

163 812 248 872 impetu
263 812 351 856 turbare
361 813 458 857 hostium
473 811 550 858 aciem.
585 809 708 886 Postquam
723 808 833 870 equestris

163 889 239 937 pugna
250 874 336 928 effectu,
349 891 415 936 quam
427 877 549 929 conatibus,
561 876 638 922 vanior
648 881 710 931 erat;
727 872 833 920 consulto

163 954 224 1001 pnus
235 939 348 993 dictatore
366 942 457 1002 equites,
475 955 583 1002 permissu
595 939 702 985 demde
682 954 738 1001 ejus,
750 936 835 982 refictis
901 944 902 953 ¹

163 1005 233 1064 equis,
245 1005 357 1051 clamore'
351 1007 437 1066 ingenti
444 1006 562 1068 provolant
572 1011 624 1051 ante
635 1004 706 1065 signa,
718 1010 741 1048 et
748 1015 833 1049 novem

163 1068 277 1130 integrant
290 1085 403 1131 pugnam:
423 1085 496 1146 neque
510 1069 612 1116 sustineri
626 1073 736 1144 ppterant,
753 1067 777 1111 ni
791 1079 835 1112 ex-

163 1133 315 1180 traordinariae
325 1135 428 1181 cohortes
436 1136 482 1197 pari
490 1149 608 1196 corporum
617 1133 785 1192 animorumque
795 1145 835 1176 ro·

163 1198 217 1244 bore
228 1213 252 1243 se
263 1199 400 1260 objecissent.
830 1222 834 1227 ·

198 1259 270 1307 VIII.
289 1261 356 1306 Tunc
364 1263 422 1307 inter
429 1262 537 1321 primores
548 1261 642 1306 duorum
652 1259 785 1321 populorum
797 1273 836 1305 res

164 1325 257 1388 geritur.
293 1324 407 1385 Quidquid
423 1325 476 1368 hinc
491 1331 530 1369 aut
546 1324 608 1369 illine
623 1324 749 1370 communis
767 1323 836 1370 Mars

164 1389 216 1436 belli
233 1388 310 1444 aufert,
329 1389 451 1450 multiplex,
470 1401 537 1446 quum
550 1403 592 1448 pro
609 1402 709 1441 numero,
727 1387 836 1434 damnum

164 1462 212 1503 est:
232 1455 314 1517 vulgus
329 1454 388 1501 aliud
402 1458 545 1505 armatorum,
561 1452 625 1499 velut
638 1450 740 1513 delegati
749 1452 836 1529 primo-

165 1522 225 1567 ribus
236 1518 320 1596 pugni,
338 1526 443 1567 eventum
455 1532 521 1566 suum
534 1517 559 1563 in
573 1518 657 1564 virtute
670 1515 742 1563 alieni
752 1517 832 1593 ponit·

86 1607 90 1617 ι
165 1586 230 1630 multi
240 1586 362 1660 utrimque
384 1585 480 1640 eadunt3
505 1583 579 1645 plures
600 1582 692 1629 vulnera
713 1582 833 1643 accipiunt.

165 1638 269 1694 Tandem
280 1649 366 1707 equites
380 1649 435 1693 alius
450 1618 535 1693 alium'
529 1655 675 1708 merepantes,
692 1646 745 1707 quid
754 1645 837 1693 deinde

166 1718 265 1765 restaret,
289 1712 418 1771 quaerendo,
442 1712 461 1757 si
479 1726 553 1770 neque
570 1726 599 1757 ex
617 1713 682 1771 equis
698 1711 837 1785 pepulissent

166 1777 261 1828 hostem,
280 1790 351 1835 neque
365 1774 449 1837 pedites
465 1775 585 1835 quidquem
599 1775 708 1819 momenti
717 1774 837 1822 facerent?

166 1853 233 1901 quam
248 1839 335 1885 tertiam
346 1846 501 1901 exspectarent
510 1838 627 1899 pugnam?
644 1838 697 1897 quid
707 1845 759 1883 ante
770 1839 838 1901 signs

64 1930 69 1950 ι
166 1902 253 1950 feroces
263 1904 422 1965 prosiluissent,
440 1910 465 1949 et
478 1903 551 1949 alieno
564 1908 691 1964 pugnarent
701 1902 769 1949 loco?
787 1903 836 1951 His

165 1968 224 2015 inter
234 1984 259 2015 se
269 1969 360 2015 vocibus
371 1968 482 2020 concitati,
500 1967 597 2013 elamore
607 1974 721 2021 renovato,
735 1966 837 2015 inferunt

166 2032 260 2094 pedem:
279 2040 302 2080 et
312 2034 407 2095 prImum
422 2032 494 2095 gradu
507 2038 626 2078 moverunt
642 2032 737 2086 hostem,
755 2032 838 2080 deinde

166 2098 312 2159 pepulerunt;
329 2105 442 2159 postremo
448 2099 497 2159 jam
508 2096 566 2143 haud
580 2096 646 2143 dubie
659 2104 776 2145 avertunt:
795 2113 838 2145 ne·

168 2177 220 2222 que,
238 2169 283 2209 tam
294 2164 353 2209 vires
364 2178 427 2225 pares
435 2178 486 2223 quae
495 2161 630 2225 superaverit
640 2178 683 2216 res,
699 2162 765 2209 facile
775 2162 837 2209 dictu

167 2234 208 2280 est,
226 2227 269 2273 nisi
287 2228 347 2304 quod
364 2234 470 2290 perpetua
485 2226 574 2274 fortuna
590 2227 705 2287 utriusque
720 2227 796 2289 populi
813 2234 838 2273 et

167 2293 275 2340 extollere
281 2306 375 2346 ammos
388 2300 410 2339 et
417 2293 521 2350 minuere
529 2292 609 2355 potuit.
635 2291 716 2353 Usque
726 2292 754 2338 sd
764 2298 837 2338 castra

166 2354 280 2419 fugientes
302 2358 415 2405 Hernicos
436 2357 555 2405 Romanum
576 2359 688 2418 sequitur:
712 2362 835 2403 oastronrm

169 2424 341 2485 oppugnatione,
353 2424 404 2485 qula
415 2438 490 2469 serum
501 2430 548 2470 erat
559 2422 608 2476 diei,
620 2419 752 2469 abstinuere.
786 2420 836 2467 Dru

167 2500 213 2532 uon
223 2490 350 2549 perlitatum
360 2496 463 2535 tenuerat
473 2488 610 2541 dictatorem,
622 2503 651 2533 ne
661 2493 714 2533 ante
720 2485 834 2532 meridIem

168 2550 258 2613 signum
273 2554 324 2600 dare
339 2560 427 2615 posset:
446 2568 474 2599 eo
484 2552 508 2597 in
519 2561 608 2599 noctem
618 2558 714 2598 tractum
726 2557 773 2596 erat
786 2565 835 2596 oer-

168 2622 251 2662 tnmen.
286 2618 382 2664 Postero
389 2617 428 2665 'die
436 2618 523 2664 deserta
532 2615 667 2679 sugioastra
675 2615 833 2667 Hernicorum

168 2687 192 2726 et
200 2683 270 2731 stucii
279 2682 349 2732 relicti
357 2682 445 2745 quidam
457 2683 556 2741 inventi;
567 2695 692 2744 agmenque
700 2679 833 2743 fugientum
