1809 2950
183 154 314 204 T.L1v11
332 155 384 204 Lus.
400 155 502 204 xxm.
522 156 582 206 Car.
596 163 635 204 42.
695 164 744 208 409

74 289 159 336 tionem
170 287 292 350 provincia
302 287 467 334 circumeundae
477 286 608 335 Messanam
616 289 695 350 raptim
704 305 745 336 ex-

75 355 145 400 ercitu
156 354 232 405 ducto,
245 360 301 400 aeatu
313 352 411 398 secundo
423 351 510 398 Locros
520 353 612 415 trajecit.
631 353 684 401 Jam
693 354 745 401 inde

75 418 190 465 Bomilcar
200 418 228 463 ed
239 416 376 463 Hannonem
388 417 411 462 in
422 416 526 464 Bruttios
533 417 645 478 profectus
653 426 708 472 erat,
720 427 744 465 et

74 483 201 530 Locrenses
207 489 283 544 portas
290 482 399 528 Romanis
405 481 539 531 clausemnt.
557 483 651 544 Appius,
659 498 743 544 magno

74 556 158 595 conatu
175 545 236 593 nulli
254 562 278 592 re
296 544 368 608 gesti,
389 545 519 592 Messanam
539 547 625 608 repetit.
655 546 742 594 Eidem

74 619 154 660 testate
165 611 288 658 Marcellus
298 612 325 657 ab
338 609 406 664 Nola,
424 626 490 671 quam
504 611 608 672 praeaidio
622 612 742 665 obtinebat,

73 678 163 724 crebras
177 676 320 722 excursiones
334 675 357 721 in
371 691 451 738 agrum
464 675 586 737 Hirpinum
597 683 620 722 et
631 677 744 724 Samnites
764 693 767 699 “

73 740 191 790 Caudinos
200 740 254 787 fecit
260 757 268 798 ;
284 741 383 800 adeoque
393 739 469 786 omnia
478 739 537 787 ferro
551 748 619 801 atque
632 741 680 803 igni
691 757 744 788 vas-

72 807 137 860 tavit,
154 813 180 856 ut
194 805 334 866 antiquarum
350 804 444 851 cladium
461 805 554 852 Samnio
565 806 695 854 memoriam
707 822 743 853 re·

72 877 176 918 novaret·

105 933 190 981 XLII.
216 933 296 996 Itaque
314 934 427 996 extemplo
445 934 521 996 legati,
543 936 572 981 ad
590 934 740 984 Hanmbalem

70 1001 134 1047 missi
150 999 216 1046 simul
234 1015 263 1046 ex
282 998 376 1060 utrique
393 1005 470 1060 gente,
490 999 521 1044 ita
538 997 635 1046 Poenum
651 1002 741 1048 allocuti

70 1072 173 1112 auntz‘
176 1063 281 1112 ‘Hostes
299 1063 375 1140 populi
391 1063 497 1116 Romani,
518 1061 639 1118 Haumbal,
658 1065 742 1114 fuimus

69 1131 167 1193 primum
176 1143 265 1205 pennos
273 1130 322 1190 ipsi,
334 1128 408 1188 quoad
416 1137 568 1181 nostraarma,
581 1137 665 1176 nostrae
672 1131 739 1183 vires,

70 1210 113 1244 nos
124 1194 191 1240 tutari
201 1200 311 1270 poterant.
339 1192 492 1254 Postquam'
478 1207 505 1239 us
519 1208 597 1254 parum
611 1192 740 1249 fidebamus,

70 1259 162 1335 Pyrrho
172 1259 221 1320 regi
232 1273 274 1305 nos
284 1258 441 1320 adJunximus3
456 1273 535 1336 aquo
532 1257 603 1304 relicti
612 1273 690 1319 pacem
701 1274 741 1305 ue-
761 1287 765 1296 ·

69 1324 188 1372 cessariam
199 1324 332 1385 accepimus,
344 1322 487 1383 fuimusque
480 1337 504 1368 ιιι
512 1338 539 1370 aa
575 1337 664 1369 ranuos
671 1338 741 1399 prope

70 1389 239 1452 quinquaginta,
257 1389 285 1435 ad
300 1388 323 1434 id
337 1395 432 1463 tempus,
450 1402 495 1448 quo
509 1388 532 1433 in
562 1388 635 1434 taliam
648 1389 737 1434 venisti.

69 1453 122 1502 Tua
139 1468 180 1501 nos
196 1468 241 1501 ιιοιι
258 1453 330 1516 magis
345 1453 416 1501 virtus
431 1451 572 1514 fortunaque,
592 1467 659 1513 quam
674 1453 741 1500 unica

69 1519 165 1566 comitas
176 1533 202 1566 ac
212 1519 337 1581 benignitas
348 1532 402 1581 erga
412 1518 474 1564 cives
484 1525 580 1571 nostros,
595 1533 652 1578 quos
662 1526 739 1579 captos

69 1585 136 1631 nobis
147 1584 257 1639 remisisti,
273 1584 306 1629 ita
315 1583 441 1629 conciliavit
452 1582 499 1635 tubi,
516 1590 548 1636 ut,
564 1590 587 1629 te
599 1582 661 1629 salvo
672 1591 740 1644 atque

69 1648 177 1697 incolumi
187 1649 267 1702 amico,
284 1658 330 1693 non
342 1648 410 1693 modo
424 1648 532 1709 populum
546 1646 684 1701 Romanum,
701 1648 740 1694 sed

67 1730 98 1761 ne
114 1713 180 1761 Deos
194 1713 282 1774 quidem
298 1714 367 1759 iratos
385 1712 415 1775 (si
430 1712 473 1758 dici
489 1711 523 1758 fas
537 1710 583 1771 eat)
600 1712 736 1759 timeremus.

69 1780 104 1826 At
120 1776 260 1841 (Herculel)
278 1793 324 1823 non
340 1778 412 1824 solum
428 1777 535 1823 incolumi
551 1784 575 1822 et
589 1778 681 1830 victore,
700 1778 739 1823 sed

67 1850 180 1906 praesente
197 1851 226 1896 te,
237 1844 300 1905 (cum
313 1838 423 1904 ploratum
435 1857 505 1903 prope
515 1843 638 1903 conjugum
648 1858 674 1890 ac
684 1842 739 1889 libe·

69 1922 146 1955 rorum
157 1915 285 1954 nostrorum
296 1907 408 1961 exaudire,
424 1915 448 1953 et
463 1905 581 1969 flagrantia
592 1915 653 1954 tecta
662 1923 739 1969 posses

68 1969 207 2034 conspicere)
223 1972 254 2019 ita
267 1987 344 2019 sumus
355 1972 471 2033 aliquoties
481 1972 523 2017 bac
533 1979 612 2019 aesmte
622 1972 737 2026 devastati,

68 2046 94 2083 ut
110 2036 147 2083 M.
160 2036 290 2091 Marcellus,
309 2052 354 2083 non
370 2036 492 2089 Hannibal.
509 2036 589 2083 vicisse
604 2037 632 2083 ad
647 2034 738 2084 Cannas

67 2102 183 2159 videatur,
199 2101 368 2162 glorienturque
381 2100 488 2154 Romani,
495 2108 534 2154 ·‚te
550 2102 659 2149 adunum
670 2102 738 2147 morlo

67 2168 137 2214 ictum
152 2166 274 2228 vigentem,
292 2166 355 2212 velut
370 2167 447 2212 aculeo
464 2166 553 2219 enniano,
570 2173 665 2226 torpere.
693 2164 738 2212 Per

67 2239 158 2279 centum
169 2246 238 2297 prope
249 2246 320 2278 annos
331 2246 381 2277 cum
390 2230 473 2293 populo
481 2230 587 2276 Romano
594 2229 677 2275 bellmn
684 2244 738 2305 gea-

67 2296 145 2349 aimus,
163 2296 224 2342 nullo
241 2304 335 2343 externo
352 2292 419 2342 sd'uti
436 2309 478 2341 nec
495 2294 551 2340 duce
567 2308 609 2339 nec
623 2294 738 2354 exercitu,

67 2362 110 2407 nisr
104 2360 182 2420 quod
192 2376 232 2422 per
242 2361 355 2409 biennium
371 2312 473 2421 f'yrrhus
487 2365 565 2404 nostro
580 2358 654 2419 magis
667 2358 739 2405 milite

67 2424 119 2471 suas
128 2426 190 2471 auxit
199 2426 264 2478 vires,
276 2440 342 2486 quam
355 2424 400 2471 suis
411 2424 494 2470 viribus
505 2438 547 2470 noa
557 2422 662 2470 defendit.
682 2422 738 2469 Non

65 2505 111 2552 ego
127 2490 229 2536 secundia
242 2492 307 2537 rebus
322 2490 404 2537 nostris
418 2488 537 2551 gloriabor,
555 2489 612 2535 duos
626 2489 737 2563 consules,

66 2570 92 2601 ac
104 2554 161 2603 duos
172 2556 300 2603 consulares
311 2556 421 2601 exercitus
433 2569 446 2600 a
457 2554 520 2599 nobis
536 2554 669 2616 subjugum
684 2552 739 2598 mis-

65 2635 111 2671 sos,
128 2626 151 2664 et
166 2620 183 2665 si
199 2636 243 2680 qua
257 2621 299 2667 alia
312 2628 350 2667 nrrt
361 2620 413 2666 laeta
424 2628 462 2665 aut
473 2619 572 2681 gloriosa
582 2618 646 2664 nobis
656 2632 737 2663 evene-

65 2692 129 2729 runtz
148 2700 198 2743 quac
209 2702 285 2747 aspera
296 2686 432 2745 adversaque
442 2691 496 2730 tunc
505 2684 639 2736 acciderunt,
652 2682 738 2727 minore

99 2761 150 2793 vos·
164 2763 190 2795 ιι.
220 2785 223 2793 .
466 2753 510 2793 ιιι
