1809 2950
198 159 228 210 Τ.
241 159 329 210 LlVII
344 157 397 208 Lm.
411 157 498 209 XXII.
517 160 577 214 cm.
590 166 630 214 ὅθι
695 166 746 216 eet

67 305 286 352 que-acceperamus
297 305 321 336 se
331 305 344 336 s
353 291 424 338 Gallis
432 306 486 337 euro
494 292 623 338 redemisse:
639 300 662 339 et
669 301 744 354 patres

70 363 171 409 vestros,
183 355 315 415 asperrimos
324 355 374 401 illos
385 355 412 400 od
423 355 571 402 conditionem
578 357 645 417 pacis,
657 357 744 418 legatos

70 427 152 466 temen
174 418 310 480 captivorum
331 417 507 464 redimendorum
528 418 601 480 gratiis
618 420 742 467 Tarentum

70 485 171 530 misisse.
206 483 284 542 Atqui,
300 489 322 528 et
333 483 360 528 ad
372 482 454 529 Alliam
465 498 516 528 eum
528 483 607 536 Gallis,
619 492 642 530 et
652 485 680 530 ad
691 483 745 532 He·

71 549 172 594 racleam
183 562 233 592 curn
248 545 342 606 Pyrrho,
358 553 450 606 utraque
461 562 506 592 non
516 555 562 593 tsrn
573 548 634 594 clade
645 547 740 603 infamis,

71 627 143 673 quern
154 625 236 672 pavore
247 626 273 656 ac
282 608 343 672 fugi,
356 625 431 671 pugne
438 610 487 657 iirit.
513 609 643 659 Cannenses
651 627 743 673 campos

70 676 150 723 acervi
158 674 312 721 Romanorum
321 689 436 735 corporum
445 683 535 737 tegunt:
549 691 591 722 nec
599 691 744 738 supersumus

70 754 167 850 titii
180 739 637 851 lliztttbltttltit‘ittss'
648 741 743 851 ‘tii‘

71 869 112 929 qui
125 881 154 914 ne
164 867 188 912 in
198 868 245 913 acie
255 867 342 928 quidem
353 866 495 928 refugerunt:
514 869 559 922 sed,
575 821 677 931 praesidio
692 835 744 916 sas«,-

70 933 115 979 tris
126 931 204 984 relicti,
216 946 266 976 cum
278 938 350 978 cestre
359 931 503 984 traderentur,
514 933 538 977 in
548 941 680 993 potestatem
688 935 742 980 hos·

69 998 131 1043 tium
142 1002 258 1042 venerunt.
294 993 365 1041 Hsud
378 995 479 1054 equidem
494 996 561 1041 ullius
574 998 628 1043 civis
642 1006 665 1044 et
677 1014 740 1045 com·

69 1059 182 1107 militonis
199 1059 295 1105 fortunae
312 1067 351 1106 sut
369 1059 491 1104 conditioni
506 1059 609 1116 invideo;
631 1077 672 1108 nec
688 1078 741 1123 pre·

68 1125 158 1172 mendo
168 1125 234 1170 elium
245 1139 281 1170 me
291 1124 397 1170 extulisse
406 1123 486 1175 velim:
502 1124 570 1169 neilli
577 1125 672 1184 quiden,
685 1127 741 1189 (nisi

69 1189 211 1252 pernicitatis
224 1188 305 1250 pedum
321 1195 344 1234 et
362 1188 440 1234 cursile
457 1187 546 1246 aliquod
560 1190 676 1249 praemium
691 1188 738 1250 est)

69 1254 111 1315 qui
120 1253 219 1314 plerique
226 1253 320 1298 inermes
328 1266 357 1298 ex
364 1251 411 1298 scie
418 1250 536 1312 fugientes,
545 1266 590 1297 non
598 1254 739 1313 priusquam

69 1317 183 1365 Venusiae
200 1323 238 1364 sut
254 1311 353 1370 Canusii,
370 1316 523 1368 constiterunt,
540 1331 566 1362 se
580 1316 644 1362 nobis
659 1317 739 1363 merito

68 1381 219 1444 praetulerint,
231 1381 362 1442 gloriatique
370 1381 420 1433 sint,
429 1381 452 1426 in
462 1395 486 1426 se
493 1381 550 1441 plus,
559 1395 626 1439 quern
634 1380 658 1425 in
666 1381 736 1434 nobis,

69 1445 171 1509 praesidii
182 1445 305 1507 reipublicae
315 1460 370 1491 esse.
399 1445 443 1493 Sed
453 1444 496 1491 illis
506 1452 529 1491 et
538 1444 603 1490 bonis
612 1459 638 1491 sc
645 1444 739 1492 fortibus
813 1470 814 1474 =

69 1510 181 1557 militibus
197 1510 306 1567 utemini5
328 1517 351 1556 et
367 1507 511 1555 nobiseum
527 1510 682 1569 promtioribus
697 1524 738 1571 pro

67 1572 152 1638 petr-ii,
164 1574 223 1635 quod
231 1574 337 1621 beneflcio
347 1580 422 1620 vestro
433 1573 525 1619 redemti
535 1580 602 1633 etque
611 1574 635 1619 in
645 1574 738 1634 petriam

68 1639 172 1687 restituti
185 1637 297 1685 fuerimus·
332 1637 453 1685 Delectum
468 1652 497 1683 ex
511 1638 574 1683 omni
583 1644 649 1684 aetate
659 1645 682 1684 et
691 1637 739 1683 for-

69 1701 130 1750 tuni
140 1703 234 1749 habetis:
252 1710 303 1749 octo
313 1702 381 1748 millia
389 1717 503 1749 servorum
511 1701 576 1747 sudio
583 1702 674 1749 ermari:
691 1717 737 1749 non

70 1768 150 1815 minor
159 1782 263 1813 numerus
277 1774 353 1812 noster
367 1771 407 1820 est,
423 1780 465 1812 nec
479 1767 562 1828 majore
574 1768 646 1827 pretio
660 1766 738 1813 redimi

69 1846 200 1895 possumus,
217 1844 284 1891 quem
298 1830 321 1875 lri
334 1837 449 1876 emuntur:
472 1845 524 1876 nam
538 1830 557 1876 si
571 1832 682 1878 conseram
695 1846 738 1879 nos

70 1910 126 1943 cum
146 1894 195 1947 illis,
215 1895 316 1957 injuriam
334 1894 418 1940 nomini
436 1893 542 1941 Romano
555 1894 642 1942 sedem.
677 1895 738 1943 Illud

70 1960 142 2006 etiam
152 1959 176 2003 in
186 1958 323 2004 mliconsilio
331 1957 548 2005 animadvertendum
556 1961 618 2006 vobis
626 1975 736 2015 ceumem,

32 2040 36 2046 ·
70 2023 155 2071 Patres
165 2023 289 2083 conscripti,
303 2022 333 2085 (si
343 2028 417 2067 tamen
425 2022 523 2070 duriores
531 2038 580 2070 esse
587 2025 666 2079 velitis,
678 2025 738 2085 quod

70 2087 136 2133 nullo
154 2093 231 2132 nostro
249 2086 328 2132 merito
342 2083 438 2146 facietis)
458 2087 494 2133 cui
509 2102 551 2133 nos
566 2088 625 2133 hosti
641 2089 737 2135 relicturi
784 2129 790 2146 ,

70 2151 129 2198 sitis·
165 2149 252 2211 Pyrrho
262 2151 370 2202 videlicet,
385 2151 422 2210 qui
438 2148 503 2215 [nos]
518 2151 629 2211 hospitum
644 2166 738 2199 numero

69 2216 150 2263 habuit
160 2216 265 2275 captivos,
281 2230 309 2262 sn
319 2214 410 2260 barbaro
420 2215 538 2266 ec-Poeno,
552 2214 589 2273 qui
600 2221 674 2258 utrum
685 2229 738 2261 eva·

69 2281 118 2328 rior
126 2294 155 2325 eu
167 2279 274 2325 crudelior
285 2280 320 2333 sit,
332 2278 371 2325 vix
378 2279 586 2339 enstimsnpotest
613 2276 638 2322 Si
646 2277 738 2327 rideatis

70 2352 170 2396 catenen,
188 2343 317 2403 squalorem,
334 2342 496 2389 deformitatem
509 2340 590 2387 civium
603 2347 736 2398 vestrorum,

70 2424 120 2456 non
133 2408 207 2453 minus
222 2406 320 2467 proiecto
334 2423 375 2453 vos
389 2422 416 2455 ee
430 2406 514 2467 species
526 2410 623 2457 moveat,
639 2420 704 2466 quem
720 2409 738 2454 fi

70 2488 102 2520 ex
118 2468 189 2518 alteri
203 2474 266 2532 pel-te
281 2472 375 2517 cernatis
390 2478 470 2517 stratas
487 2467 641 2517 Cannensibus
655 2472 740 2533 campis

70 2538 175 2598 legiones
193 2542 285 2582 vestras.
321 2533 406 2580 Intueri
424 2534 516 2595 potestis
532 2532 703 2579 solidorum
715 2523 751 2582 et*

71 2602 184 2660 lacrymas
193 2600 217 2645 in
228 2600 336 2647 vestibulo
344 2600 411 2645 curiae
419 2598 524 2645 stanuum
533 2603 678 2659 cognatorum
687 2614 740 2646 nos-

73 2672 168 2720 trorum,
180 2664 398 2728 aspectantiumque
409 2667 656 2726 responsumresttum-
677 2661 742 2714 Cn
802 2716 805 2728 Δ
