1809 2950
212 65 343 145 n'mvu
359 95 411 144 m.
425 94 512 144 xxm
531 95 590 146 cm
604 102 643 146 rc
710 103 758 149 ser

93 223 267 290 prinoedendo·
277 224 399 288 superaturi
415 225 485 272 simun
500 241 558 279 eum,
572 226 610 286 qui
622 235 723 274 cenem
735 228 759 274 in

93 289 150 344 dice,
161 304 207 336 non
218 296 360 342 commentus,
374 305 419 336 non
427 290 611 351 supplementum,
628 305 674 339 uon
689 307 758 353 pecu-

96 355 155 402 niam
166 354 260 401 habeat?
294 353 406 406 Quamdiu
413 369 454 414 pro
466 353 566 408 Geronii,
579 355 759 416 casteiliApuliae

95 419 174 480 inopia,
187 425 299 478 tamquam
310 434 350 479 pro
361 416 504 478 Carthaginis
513 419 641 464 moenibuo?
674 419 719 466 Sed
729 435 759 466 ne

40 519 53 540 „
94 483 200 530 udvmaus
221 489 245 528 te
265 481 353 543 quidem
372 497 416 542 ego
431 482 549 543 gloriabor.
589 481 634 530 Cn.
652 483 758 530 Servilius

92 555 158 608 atque
169 547 259 600 Atilius,
271 547 365 608 proximi
376 547 485 599 consulet,
502 547 559 600 vide,
571 548 756 608 quemadmodum

93 627 145 658 eum
163 610 268 657 ludificati
288 611 339 656 sint.
374 609 434 657 Haec
450 626 495 657 una
512 612 589 659 salatia
608 619 643 658 est
661 613 704 666 vin,
722 611 752 658 1„

91 674 169 728 Paule,
185 690 251 735 quam
264 674 373 721 difficilem
385 675 530 737 infestamque
544 677 605 723 cives
623 676 663 723 sibi
673 676 754 738 ma'gie,

91 755 157 801 quam
168 740 250 793 hostes,
268 738 363 786 socient:
381 740 439 785 idem
450 741 509 786 enim
525 741 565 794 tui,
582 741 642 801 quod
656 741 755 788 hortium

90 805 181 856 militen,
191 804 284 861 volent3
301 803 359 849 idem
372 802 451 857 Varro,
470 806 548 851 consul
558 805 683 860 Romanus,
695 805 756 867 quod

91 867 214 922 Hannibal,
227 867 312 914 Poenua
328 869 454 929 imperator,
468 869 547 929 cupiet.
582 869 679 916 Duobus
693 870 755 917 duci·

88 934 131 980 bue
148 947 207 979 unus
217 933 312 986 recisus,
324 940 425 994 oportet:
446 933 533 978 resistes
550 941 631 987 autem,
650 935 756 981 adimus

87 997 171 1047 samm
183 1011 325 1057 rrrrnoreeque
335 997 449 1043 hominum
461 997 480 1042 si
494 997 548 1042 entia
560 996 637 1043 firmus
653 1000 753 1045 steterim

87 1063 143 1110 nite
159 1076 231 1121 neque
246 1061 338 1124 oollegae
354 1075 412 1106 vana
426 1061 506 1122 gloria,
523 1074 595 1120 neque
608 1062 710 1111 tuofalnn
720 1063 755 1109 in.

87 1125 165 1180 famia,
188 1126 288 1174 moverit.
331 1124 456 1171 Veritatem
476 1125 575 1171 laborare
598 1125 664 1171 nimis
685 1141 752 1188 saepe,

87 1191 159 1244 aiunt,
177 1189 289 1251 exsangui
305 1204 424 1250 nunquam.
468 1189 568 1236 Gloriam
585 1190 623 1250 qui
639 1192 753 1251 spreverit,

87 1269 167 1302 veram
182 1254 280 1300 habebit.
319 1255 379 1306 Sine,
404 1254 505 1300 timidum
520 1268 562 1315 pro
578 1261 649 1306 cnuto,
666 1254 753 1301 tardum

88 1335 131 1382 prc
151 1319 296 1372 considerato,
316 1318 425 1364 imbellem
445 1334 487 1380 pro
505 1318 576 1380 perito
594 1318 644 1364 belii
662 1325 750 1364 vocent.

89 1383 164 1437 Malo,
176 1391 200 1430 te
210 1382 296 1444 sapiens
306 1382 376 1428 hostis
386 1389 478 1435 metuat,
490 1397 556 1442 quam
566 1382 628 1428 stulti
638 1382 698 1428 circe
706 1382 754 1428 lau-

88 1448 151 1497 dent.
186 1447 269 1497 Omnia
289 1447 405 1496 audentem
428 1453 556 1493 contemnet
574 1444 703 1504 Hannriial3
720 1445 752 1493 nil

87 1520 174 1561 teanere
184 1521 286 1575 agentem
297 1519 388 1559 metuet.
423 1511 474 1558 Nec
489 1526 540 1573 ego,
556 1518 581 1557 ut
596 1511 651 1557 nihil
664 1518 750 1572 agatur,

84 1593 169 1625 moneo
175 1594 183 1636 ;
200 1578 239 1625 red
249 1584 274 1624 ut
284 1584 388 1639 agenta·
398 1583 422 1622 te
432 1576 488 1623 ratio
496 1576 568 1628 ducat,
580 1589 627 1621 non
645 1574 746 1621 fortunar

86 1644 261 1704 tue-potemus
277 1656 369 1703 semper,
387 1646 469 1701 tuaque
486 1641 561 1686 omnia
576 1640 635 1685 nint:
654 1647 752 1687 umatuc

86 1708 231 1767 intentusque
251 1706 295 1763 eiu
318 1720 390 1765 neque
407 1705 517 1751 occationi
533 1710 579 1750 tuae
596 1704 660 1757 denir,
681 1720 752 1765 neque

86 1786 152 1819 maru
163 1771 300 1817 occasionem
314 1770 373 1817 hosti
386 1769 431 1816 des.
467 1769 549 1815 Omnia
564 1783 611 1815 nun
626 1769 752 1831 properanti

85 1836 147 1883 clara
166 1842 270 1919 certaque
292 1840 369 1882 erunt:
395 1833 508 1881 festinatio
527 1833 651 1897 improvida
671 1842 706 1882 eet
728 1841 753 1881 et

85 1898 164 1949 m!

119 1962 176 2011 XL
194 1964 310 2011 Adversus
320 1978 353 2017 ee,
369 1963 439 2011 oratio
454 1963 552 2011 conculis
562 1964 620 2011 haud
636 1964 751 2011 eanelaetn

84 2028 136 2081 luit,
148 2029 220 2089 magia
227 2028 322 2081 lateritia,
331 2042 364 2081 ea,
377 2043 426 2087 quae
435 2028 523 2083 diceret,
535 2045 595 2082 vera,
606 2042 672 2089 quem
679 2028 752 2074 facilia

84 2092 154 2145 factm
174 2108 230 2139 oeae
266 2092 404 2139 “Dictatori
427 2093 558 2155 magistrum
574 2093 672 2152 equitum
690 2092 750 2138 into·

85 2157 199 2204 ierahilem
219 2155 303 2215 fuiaoe3
329 2157 381 2218 quid
402 2158 495 2209 consuli,
514 2156 620 2203 aduerm
641 2155 749 2215 collegam

86 2221 216 2268 aeditioaum
229 2236 255 2267 ac
265 2222 411 2275 temerarium,
432 2222 511 2267 virium
530 2227 596 2279 atque
614 2218 750 2265 auctoritatia

85 2284 153 2333 tore?
186 2285 217 2332 Se
274 2286 334 2333 ulare
349 2285 475 2333 incendium
491 2284 564 2345 priore
581 2282 697 2329 connrlatu
714 2296 750 2328 re·

85 2350 193 2397 minatum
204 2300 323 2412 apozima
342 2358 424 2411 optare,
437 2356 463 2395 ut
472 2348 547 2395 omnia
556 2360 660 2409 prmpere
673 2345 750 2393 eveni-

84 2420 149 2461 rent:
168 2421 199 2467 at,
216 2414 235 2459 ai
253 2414 306 2475 quid
323 2414 408 2461 adversi
427 2413 522 2466 caderet,
541 2411 637 2458 hostium
657 2424 682 2456 ae
699 2409 749 2457 telin

82 2478 165 2539 podua,
187 2492 254 2538 quarn
273 2477 383 2541 nrffiagiio
398 2478 505 2524 iratorum
522 2476 610 2528 civium,
667 2481 693 2519 ut
709 2475 750 2519 ob-

79 2540 220 2603 jecturum?
256 2543 294 2589 Ab
315 2544 358 2591 hoc
379 2555 482 2590 sermone
507 2538 632 2602 profectum
674 2538 749 2585 aulunr

85 2606 181 2659 uadunt
200 2608 383 2670 prosequentium
402 2605 536 2716 primorilpu
557 2603 657 2652 Petrum.
697 2600 751 2649 Pto

116 2684 167 2717 ror.
181 2685 206 2718 u.
526 2684 542 2716 o
