1809 2950
150 145 200 190 414
262 135 291 184 T.
306 129 464 184 alvu-Lm
479 121 581 180 xi1111.
600 131 661 182 cu.
676 136 716 180 ro.

153 284 254 334 pugnare
262 267 377 330 cupientes
388 264 470 311 milites
476 263 595 310 Rommos
605 262 731 310 Marcellus
742 262 830 310 Nolam

154 336 250 387 reduxit,
271 347 323 378 oum
342 345 426 394 magno
444 327 527 391 gautlio
544 335 567 374 et
588 329 740 390 gratulatione
762 329 830 375 etim
893 352 897 369 ι

153 399 230 464 plebis,
243 412 294 459 quae
310 403 362 443 ante
377 393 503 441 inclinatior
513 392 542 439 ad
552 391 640 438 Poenos
653 393 735 440 ἦκται.
766 392 833 439 Hos·

155 467 212 512 tium
231 464 282 526 plus
301 459 482 523 quinquemillia
500 473 559 504 caesa
576 473 605 504 eo
625 459 676 504 die:
704 459 755 504 vivi
773 458 832 520 capti

156 529 263 582 sexcenti,
284 534 308 577 et
322 526 387 587 signa
403 523 506 570 militaria
519 522 666 584 undeviginti,
685 530 708 570 et
725 524 774 570 duo
789 523 834 570 ela-

155 593 248 656 phanti:
268 597 363 652 quatuor
377 589 400 634 in
418 589 466 634 acie
480 587 556 633 occisi.
580 587 740 634 Romanorum
759 588 834 634 minus

156 658 217 704 mille
232 655 355 702 interiecti:
376 660 491 715 posterum
513 651 572 698 diem
587 652 682 698 induciis
699 654 783 706 tacitis,
800 669 835 699 sc-

156 721 259 784 peliendo
268 720 378 778 utrimque
383 732 456 763 caesos
464 717 488 762 in
499 717 553 771 acle,
561 725 744 764 consumserumt.
759 717 834 780 Spolia

157 787 253 833 hostium
265 782 395 835 Marcellus,
408 780 514 827 Vulcano
524 789 611 834 votum,
618 784 736 828 cremavit.
756 782 834 829 Tertio

157 856 209 912 post
217 849 253 895 die
265 847 375 910 (obitam,
388 846 463 899 credo,
473 845 575 906 aliquam,
585 853 624 892 aut
632 861 696 907 cmm
704 847 835 894 liberalioris

158 910 254 972 militiae)
268 911 330 957 mille
343 910 434 957 ducenti
451 911 594 972 septuaginta
604 910 650 957 duo
660 912 759 971 equites,
772 913 836 959 mixti

159 977 267 1024 Numidae
284 975 433 1038 Hispanique,
450 975 479 1021 ad
494 975 630 1021 Marcellum
645 976 834 1038 transfugerunt:

158 1058 237 1089 eorum
253 1041 307 1087 forti
322 1039 425 1100 fidelique
437 1037 505 1101 operi
517 1040 541 1085 in
556 1055 584 1086 eo
594 1041 700 1087 bellousi
711 1047 769 1088 sunt
779 1058 838 1104 saepe

159 1107 265 1155 Romani.
291 1106 357 1167 Ager
375 1103 485 1166 Hispanis
501 1104 525 1151 in
543 1103 661 1166 Hispanii,
682 1105 796 1153 Numidis
815 1108 839 1153 in

161 1169 247 1226 Africa,
259 1178 311 1233 post
324 1169 413 1222 bellum,
428 1168 517 1215 virtutis
528 1168 602 1223 causi,
615 1166 699 1234 [latus]
715 1171 785 1218 datus
795 1179 836 1219 est.
898 1204 899 1207 η

161 1236 283 1289 Hannibal,
295 1237 323 1282 ab
333 1232 395 1281 Noli
405 1233 499 1280 remisso
505 1233 528 1279 in
536 1234 641 1281 Bruttios
649 1233 778 1290 Hannone,
788 1253 838 1283 curn

162 1303 241 1365 quibus
257 1306 349 1347 venerat
365 1299 442 1361 copiis,
454 1298 502 1361 ipse
513 1298 536 1345 A
552 1299 604 1346 ulioe
614 1300 707 1346 hiberna
716 1302 784 1362 petit,
795 1303 839 1348 cir·

162 1382 233 1427 caque
248 1366 324 1427 Arpos
339 1364 447 1410 consedit.
478 1363 510 1418 Q„
545 1364 613 1417 abius,
627 1371 654 1410 ut
671 1365 803 1426 proiectum
816 1368 840 1412 in

162 1432 268 1495 Apuliam
292 1429 441 1477 Hannibalem
468 1428 559 1483 audivit,
584 1428 700 1477 immento
723 1432 753 1478 ab
778 1431 840 1480 Noli

162 1497 304 1559 Neapolique
314 1496 338 1541 in
348 1510 375 1541 ea
385 1502 459 1541 castra
468 1502 585 1548 convecto,
600 1510 652 1556 quae
663 1511 732 1559 super
742 1497 840 1544 Suessu-

161 1562 207 1608 lam
218 1568 288 1613 erant,
301 1559 490 1620 munimentisque
499 1557 599 1614 firmatis,
616 1567 640 1607 et
654 1561 770 1622 presidio,
782 1563 841 1625 quod

161 1642 203 1689 per
218 1627 309 1673 hiberna
324 1625 353 1671 ad
368 1624 487 1671 tutandum
501 1624 576 1671 locum
593 1625 648 1671 satis
666 1634 734 1680 esset,
753 1628 839 1683 relicto,

72 1726 74 1733 .
162 1692 211 1753 ipse
223 1689 323 1751 Capuam
336 1689 428 1751 propius
442 1689 514 1735 morit
531 1696 610 1744 cauma,
626 1705 754 1752 agrumque
772 1690 841 1741 cm.

162 1770 246 1816 panum
262 1753 322 1813 ferro
338 1754 430 1815 ignique
445 1758 481 1799 est
499 1753 659 1816 depopulabus;
676 1755 750 1802 donec
770 1759 840 1805 eoscti

163 1827 216 1865 sunt
232 1817 349 1879 Campani,
365 1818 420 1863 nihil
436 1818 557 1864 admodum
573 1819 656 1865 nimbus
672 1820 720 1866 suis
737 1819 838 1877 fidentes,

162 1882 239 1945 egredi
256 1883 333 1944 portis,
354 1890 378 1927 et
394 1889 469 1929 eastra
484 1890 536 1929 ante
550 1884 628 1929 urbem
644 1884 669 1929 in
684 1892 766 1946 aperto
780 1902 842 1933 com-

165 1947 258 1994 munire.
296 1946 342 1992 Sex
359 1946 428 1992 millia
447 1954 584 1994 armatorum
603 1949 720 2005 habebant,
743 1951 840 2011 peditem

164 2010 289 2059 imbellem:
309 2010 408 2070 equitatu
418 2010 470 2072 plus
480 2018 596 2073 poterant:
615 2014 691 2073 itaque
701 2016 839 2075 equestribus
899 2043 900 2050 κ

164 2076 249 2140 proeliis
270 2075 408 2121 lacessebant
429 2076 526 2122 hosam
564 2075 629 2123 Inter
646 2078 733 2125 multos
754 2080 838 2128 nobiles

165 2142 250 2203 equites
273 2138 402 2202 Campanos
422 2137 531 2187 Cerrinus
549 2140 660 2189 Jubcllius
678 2150 735 2197 erat,
755 2160 841 2207 coguo-

165 2209 226 2254 mine
245 2205 347 2253 Taurea:
377 2204 433 2251 civis
454 2204 552 2252 indidem
574 2214 627 2260 erat,
650 2207 722 2269 longe
740 2210 840 2257 omnium

168 2271 335 2333 Campanorum
352 2270 487 2317 fortissimus
501 2285 569 2331 eques
577 2288 585 2328 ;
602 2271 657 2317 adeo
674 2279 707 2325 ut,
720 2288 774 2318 cum
785 2276 842 2337 apud

167 2337 284 2383 Romanos
304 2336 415 2389 militaret,
436 2350 495 2381 unus
516 2350 567 2381 eum
590 2335 709 2382 Romanus
734 2335 841 2386 Claudius

166 2400 257 2446 Asellus
273 2398 346 2460 glom'i
356 2400 453 2461 equestri
463 2406 569 2460 aequaret.
602 2399 675 2447 Hunc
682 2400 775 2449 Taurea
790 2420 840 2451 eam

93 2508 99 2513 ,
167 2464 205 2509 diu
223 2463 360 2523 perlustrans
377 2466 447 2511 oculis
467 2462 616 2525 obequittisset
637 2466 737 2512 hostium
754 2469 840 2522 turmis,

167 2525 256 2573 tandem
271 2525 332 2573 facto
348 2528 442 2582 silentio,
467 2530 503 2577 ubi
521 2536 582 2575 esset
602 2528 710 2577 Claudius
732 2532 841 2579 Asellus?

166 2590 284 2647 quaesivit:
309 2599 340 2646 et,
364 2600 380 2624 ‘⁴
399 2595 504 2655 quoniam
524 2594 598 2642 verbis
615 2608 693 2643 secum
711 2595 742 2643 de
760 2596 841 2645 virne
898 2604 901 2618 '
