1809 2950
194 139 224 190 T.
238 139 326 188 LIVII
343 141 395 189 L1s.
409 140 468 190 VII.
488 142 546 212 Car.
556 149 597 192 30.
697 149 730 196 ³5

97 261 184 318 XXX.
205 269 295 334 Legati,
306 271 425 318 introducti
436 272 460 316 in
475 280 583 327 censuim,
598 275 694 322 musime
708 277 732 323 in

66 336 121 383 hauc
136 335 271 382 sententiam
286 336 354 382 locuti
370 344 436 382 sunt:
458 334 586 398 “Populus
604 353 645 385 nos
663 339 732 388 Cam.
753 336 756 343 '

67 415 135 462 penus
143 401 233 462 legatos
244 400 272 446 sd
282 416 330 452 vos,
344 399 422 446 Patres
430 402 557 463 conscripti,
569 403 643 460 misit;
656 405 732 451 arsici-

66 465 118 510 tism
127 465 151 510 in
159 471 299 526 perpetuum,
311 465 416 510 auxilium
426 481 526 527 praesens
533 468 617 514 arobis
625 469 729 529 petitum:

66 543 131 588 quam
140 529 159 576 si
168 527 272 576 secundis
283 529 348 575 rebus
356 529 437 575 nostris
445 531 583 590 petissemus,
594 532 652 578 sicut
659 541 733 596 coepts

67 593 164 646 celerius,
177 594 210 639 ita
220 591 341 640 infirmiore
352 594 440 640 vinculo
458 601 571 641 contracta
587 604 660 644 esset:
679 605 734 645 tuuc

66 659 131 711 enim,
144 665 170 703 ut
181 657 220 718 qui
231 672 260 703 ex
271 672 335 718 aequo
350 672 391 704 nos
408 659 497 705 venisse
513 660 536 704 in
552 660 670 708 amicitiam
685 678 734 710 me·

65 723 215 773 nriuissemus,
227 721 292 768 smici
306 721 399 768 forsitan
414 723 495 784 pariter
512 739 539 770 ac
556 739 622 778 nunc,
641 727 733 788 subjecti

65 795 131 847 utque
141 787 235 832 obnoxii
250 786 313 832 vobis
329 787 403 832 minus
417 801 523 833 essemus
558 788 634 842 Nunc,
646 791 733 838 miseri-

66 849 139 898 cordii
149 848 227 910 rostri
237 850 354 903 conciliati,
366 851 492 912 auxilioque
503 852 526 897 iu
538 853 609 899 dubiis
619 855 683 901 rebus
694 856 734 902 de-

65 915 127 969 fensi,
139 914 273 962 beneficium
284 930 372 992 quoque
381 923 496 994 acceptum
507 917 612 971 colamus,
628 927 733 980 oportet;

66 987 192 1092 iiiiii?
202 980 736 1109 iiiiimiiinii'iioiumsiiiiiidii

66 1109 129 1156 amici
140 1108 242 1169 sociique
251 1109 314 1154 vobis
370 1109 447 1161 'sunt
462 1109 490 1155 ad
504 1109 527 1156 id
545 1111 618 1170 volere
632 1112 737 1167 arbitror,-

68 1188 95 1220 ne
107 1189 149 1220 uos
165 1173 189 1218 in
206 1173 325 1219 amicitiam
340 1173 488 1234 accipiamur3
505 1175 544 1220 sed
554 1183 580 1221 ut
589 1183 700 1223 vetustate
710 1186 735 1224 et

66 1238 136 1300 gradu
144 1238 238 1284 honoris
246 1251 287 1284 nos
295 1245 415 1298 praestent:
429 1252 501 1298 neque
508 1239 568 1285 enim
575 1238 659 1287 foedere
668 1241 734 1288 Sem-

67 1303 153 1356 nitium,
167 1317 196 1348 ne
211 1317 256 1362 qua
270 1316 330 1348 nova
341 1303 467 1364 jungeretis
480 1302 572 1357 foeders,
587 1311 677 1352 cautum
687 1312 730 1352 est.

68 1365 120 1414 Fuit
130 1367 222 1428 quidem
237 1365 295 1428 apud
308 1382 351 1412 vos
368 1382 455 1428 semper
471 1368 524 1414 setis
529 1369 592 1430 justa
602 1383 668 1415 causa
678 1371 734 1415 ami-

67 1432 131 1486 citie,
144 1430 204 1479 velle
214 1446 265 1479 eum
274 1431 336 1479 vobis
345 1431 439 1478 amicum
450 1446 507 1485 esse,
516 1432 603 1492 quivos
612 1439 731 1494 appeteret.

68 1495 184 1559 Campani,
198 1496 240 1542 etsi
250 1495 339 1543 fortuna
348 1512 448 1557 praesens
458 1496 576 1558 magnifice
588 1497 648 1556 loqui
659 1499 734 1558 prohi-

67 1562 109 1615 bet,
126 1576 175 1608 non
195 1560 256 1607 urbis
274 1561 424 1622 amplitudine,
443 1575 489 1605 non
504 1561 553 1621 agri
572 1561 676 1615 ubertate,
693 1562 733 1609 ulli

67 1626 148 1688 populo
163 1632 311 1687 praeterqumn
327 1626 391 1671 vobis
409 1624 520 1676 cedentes,
538 1625 597 1671 baud
613 1640 681 1686 parus
698 1628 735 1691 (ut

66 1687 171 1750 arbitror)
191 1689 289 1735 accessio
307 1690 370 1737 bonis
392 1690 458 1735 rebus
476 1688 556 1735 vestris
573 1690 597 1734 iu
615 1690 734 1739 amicitiam

66 1756 169 1801 venimus
180 1760 285 1800 vestram.
319 1754 401 1815 AEquis
412 1753 552 1814 Volscisque,
566 1754 654 1802 aeteruis
664 1756 735 1803 bosti-

66 1820 106 1868 bus
116 1820 185 1883 hrrjus
195 1818 262 1871 urbis,
273 1818 457 1879 quandocumque
467 1834 491 1864 se
502 1820 620 1872 moverint,
632 1821 660 1866 sb
668 1828 735 1883 tergo

66 1884 163 1931 erimusz
183 1890 214 1936 et,
230 1883 289 1943 quod
304 1898 346 1928 vos
358 1899 399 1944 pro
414 1884 486 1929 salute
496 1881 572 1929 nostri
581 1884 666 1945 priores
675 1884 736 1933 fece·

67 1949 120 2001 ritis,
144 1948 169 1993 id
188 1962 230 1993 nos
248 1962 289 2007 pro
309 1947 401 2007 imperio
419 1955 495 1993 vestro
513 1955 536 1993 et
556 1947 628 2009 glorii
647 1964 736 2012 semper

66 2012 181 2059 iacimus·
219 2010 320 2058 Subsctis
329 2011 356 2057 iis
367 2013 477 2073 genubus,
489 2027 540 2071 quae
550 2012 607 2059 inter
623 2028 666 2060 nos
681 2031 735 2063 vos·
807 2058 812 2072 ,

67 2084 183 2138 qustum,
197 2075 257 2136 quod
271 2074 397 2137 propediem
411 2076 511 2122 futurum
526 2078 620 2138 spondet
630 2086 653 2125 et
663 2079 735 2127 virtus
758 2096 763 2103 ⁸

67 2150 89 2189 et
99 2142 192 2189 fortuna
203 2146 284 2194 vestm,
301 2140 417 2187 continens
432 2141 549 2201 impen'um
565 2158 636 2203 usrlue
647 2143 676 2188 ad
692 2157 736 2190 nos

68 2204 183 2253 babebitis.
220 2204 333 2250 Acerbum
344 2220 369 2253 sc
380 2205 485 2251 miserum
496 2214 536 2258 est,
549 2206 609 2266 quod
618 2205 682 2253 interi
693 2222 741 2254 nos.

67 2269 158 2317 fortuna
169 2274 247 2315 nostra
258 2268 325 2331 cogit.
360 2268 398 2315 Eo
413 2277 506 2315 ventum
522 2278 565 2322 est,
583 2270 662 2315 Patres
679 2285 741 2316 con-⁴

69 2335 151 2395 scripti,
175 2341 202 2381 ut
217 2340 256 2380 sut
274 2333 395 2379 amicorum
412 2341 450 2380 aut
467 2334 606 2382 inimicorum
626 2332 742 2395 Campani·

69 2398 145 2445 simus.
182 2398 208 2445 si
219 2396 341 2451 defenditis,
353 2398 436 2455 vestri;
453 2398 589 2450 sideseritia,
602 2398 734 2447 Samnitium

68 2463 158 2509 aimus
194 2459 296 2523 Capuam
307 2476 362 2523 ergo
372 2460 644 2524 etCunpsuiamomnem
656 2465 736 2513 vestris

69 2541 97 2573 su
117 2525 252 2574 Samnitium
273 2524 356 2573 viribus
373 2526 478 2589 ¹accedere
498 2526 585 2579 malitis.
608 2525 732 2578 debbersto.

70 2590 181 2637 Omnibus
196 2589 292 2650 quidem,
313 2589 418 2643 Romani,
437 2590 733 2648 vestrammisericordism,

71 2663 214 2726 vestrumque
230 2654 335 2705 rusilium
351 2671 443 2723 sequum
460 2662 495 2701 est
512 2662 601 2716 paterc5
617 2655 644 2721 iis
660 2665 742 2739 tamen.
814 2694 817 2699 .
