1809 2950
183 151 230 214 nis
325 163 452 214 :nnvn
468 167 520 214 urs
534 167 566 214 io
585 166 644 218 cn.
658 167 697 214 se

181 294 327 357 conspicium,
342 297 498 356 itineribusque
511 297 538 343 iis
551 295 645 358 vestigio
658 302 776 342 nocturnae
790 295 840 342 lios-
888 299 889 330 l

181 360 237 405 tium
246 359 315 422 fuge
344 359 480 421 Adequitant
490 361 568 407 deinde
576 361 656 406 sensim
667 360 744 421 portis,
754 359 840 406 urben·

180 436 225 482 qus
234 438 263 470 ex
273 431 322 470 tuto
332 425 398 470 rectis
407 425 520 470 itineribus
530 425 626 486 pervium
641 424 795 484 conspiciunt:
813 423 840 468 sd

181 489 294 532 consulem
308 488 412 541 referunt,
429 503 544 535 excessum
563 489 629 544 urbe3
646 488 766 534 solitudine
784 487 841 532 hsud

181 549 246 596 dubii
256 552 278 597 id
285 554 424 614 perspicuum
434 568 489 604 esse,
502 559 524 598 et
535 553 656 598 recentibus
663 550 840 625 vestigiis't’uga’⁴

181 630 207 661 ac
222 623 297 676 strage
311 633 384 662 rerum
398 618 422 662 in
438 617 580 678 trepidatione
595 613 703 662 nocturni
713 631 797 676 possim
809 630 842 660 re·
888 627 889 674 i

180 678 288 725 lictorum.
324 680 369 726 His
382 681 469 734 auditis,
486 681 563 726 consul
573 681 601 726 ad
611 695 658 726 eam
673 687 761 740 partem
776 680 840 731 urbib
888 687 889 700 ¹

181 741 225 802 qui
240 744 336 789 odierant
353 743 444 804 equites,
462 745 605 792 circumducit
619 759 714 806 agmen:
733 745 842 790 constitu-

181 807 253 865 tisque
263 806 321 852 houd
330 809 407 868 procul
417 807 481 869 porti
489 809 564 870 signis,
581 809 678 868 quinque
688 809 776 868 equites
781 808 842 870 jubet

180 870 262 914 intrare
272 871 354 924 urben
371 880 401 925 et,
418 873 530 919 modicum
541 873 634 934 spatium
647 887 788 934 progressos,
801 880 842 918 tres

181 947 269 979 munere
276 935 354 980 eodem
362 937 419 988 loco,
432 938 450 983 si
461 944 509 982 tuta
518 938 646 993 videantum
663 937 719 982 duos
729 937 843 997 exploras

181 995 209 1042 sd
223 1011 247 1042 se
261 997 348 1066 referre.
384 1000 431 1053 Qui
445 1001 481 1046 ubi
493 1001 609 1054 redierunt,
627 1001 801 1060 retuleruntque,
818 1015 842 1045 so

181 1074 205 1106 se
221 1075 358 1122 progressos,
375 1064 434 1110 unde
449 1065 473 1110 in
491 1080 567 1112 omnes
584 1071 656 1126 partes
670 1065 844 1125 circumspectus

179 1131 245 1176 esset,
262 1125 331 1186 longe
340 1128 427 1187 lotoque
438 1129 548 1174 silentium
559 1144 584 1175 sc
595 1128 734 1174 solitudinem
746 1128 841 1182 vidissc3

180 1189 291 1249 extemplo
300 1192 378 1237 consul
385 1193 486 1238 cohortes
498 1193 609 1253 expedites
618 1194 642 1237 in
653 1194 729 1238 urbem
740 1192 842 1247 induxi23

180 1258 274 1299 caeteros
289 1253 377 1299 iuterim
394 1262 466 1300 castra
482 1257 619 1302 communire
631 1257 705 1317 jussit
742 1255 841 1316 lugent

181 1315 268 1369 milites,
286 1316 383 1364 refractis
393 1318 483 1370 fonlsus,
500 1335 581 1380 paucos
592 1335 673 1380 graves
682 1327 750 1365 aetate
762 1320 842 1366 autin-

180 1380 266 1426 vslidos
281 1381 403 1435 inveniunt,
421 1382 546 1442 relictaque,
563 1399 614 1444 quae
631 1384 727 1444 migratu
747 1383 841 1429 difficnn

181 1452 261 1491 essent.
296 1445 333 1493 Es
351 1446 447 1508 direptnq
468 1453 490 1493 et
508 1449 622 1509 cognitum
641 1461 670 1493 ex
688 1447 783 1509 captivis
801 1454 839 1501 est

181 1510 293 1556 communi
302 1512 396 1591 pousiliq
406 1512 489 1571 aliquot
497 1513 554 1558 circa
562 1514 626 1558 urbes
634 1513 746 1559 conscisse
753 1512 839 1586 fugan3

129 1689 133 1696 ,
180 1575 840 1702 :inffiddli‘titfflzii‘imit

179 1698 235 1746 fides
245 1703 342 1748 exstitit:
362 1703 454 1750 desertis
465 1705 549 1765 oppidis
559 1706 637 1751 consul
647 1705 737 1765 potitur.

212 1763 320 1809 XXXV.
340 1766 412 1813 Alteri
420 1770 506 1814 consuli
517 1768 552 1814 M.
567 1768 637 1815 Atilio
648 1766 788 1829 nequiquam
796 1774 837 1815 isui

179 1825 243 1872 facile
252 1828 333 1873 bellurn
341 1828 389 1875 fuit.
409 1829 628 1879 CumadLucerinm
636 1832 726 1879 duceret
732 1833 837 1893 legiones,

179 1904 245 1948 quum
266 1894 388 1953 oppugnari
409 1896 436 1941 nh
456 1896 589 1941 Samnitibus
607 1897 710 1949 audierat,
728 1897 757 1942 sd
775 1896 837 1943 finon

180 1951 316 2001 Lucerinum
326 1957 346 2001 ei
357 1958 427 2005 hostis
438 1959 516 2005 obvius
525 1958 574 2005 fuit.
609 1958 644 2006 Ibi
655 1961 687 2006 iro
697 1960 756 2006 vires
767 1975 837 2019 aeqiu·

179 2016 224 2062 rit:
243 2019 345 2078 proeium
359 2022 443 2068 varium
459 2031 482 2069 et
498 2038 578 2085 anceps
594 2022 649 2070 suit:
668 2024 753 2071 tristius
769 2031 837 2071 tomen
888 2082 889 2087 ¹

178 2087 259 2127 eventu
270 2081 378 2130 Romanis
384 2102 392 2142 ;
409 2094 432 2132 et
442 2087 494 2146 quio
504 2087 584 2133 insueti
594 2096 657 2135 erant
668 2088 734 2140 vinci,
754 2095 777 2135 et
791 2088 838 2148 quis
888 2088 889 2097 ¹

178 2143 325 2205 digredientes
339 2150 417 2209 magis,
435 2166 501 2209 quarn
518 2152 604 2213 inipso
621 2152 748 2204 centwine,
766 2166 837 2198 seuss-

179 2215 238 2262 runt,
255 2214 400 2270 quantumin
415 2212 454 2260 sui
468 2222 529 2275 parte
541 2216 591 2275 plus
601 2216 717 2262 vulnerum
732 2231 759 2261 ac
773 2216 837 2263 cedis
888 2234 889 2245 ³

177 2270 263 2319 fuisset.
299 2272 378 2335 Itaque
386 2278 406 2323 is
416 2285 488 2324 terror
497 2280 520 2324 in
532 2280 608 2325 castris
619 2288 687 2332 ortus,
705 2280 837 2340 quisipug·
888 2284 889 2309 ³

178 2343 257 2383 nantes
267 2339 367 2400 cepisset,
384 2342 478 2403 insignis
493 2350 583 2405 acceptu
597 2344 669 2391 clades
678 2342 744 2389 foret.
779 2341 837 2389 Tum
888 2400 889 2403 Ἰ

178 2414 265 2461 quoque
279 2401 374 2451 sollicito
385 2421 431 2451 nox
439 2405 537 2468 fuitjsm
550 2406 678 2455 invasurum
689 2415 761 2455 nstra
775 2407 837 2453 Sum-
888 2406 889 2421 ¹

178 2463 247 2509 uitem
258 2466 401 2522 credentibus,
414 2479 452 2516 aut
459 2468 531 2531 primi
538 2472 587 2517 luce
597 2487 648 2517 cum
656 2472 777 2518 victoribus
784 2486 836 2517 ouu-

176 2528 280 2575 serendss
294 2545 379 2577 munus.
396 2533 493 2579 'Minus
510 2535 584 2587 clodis,
602 2543 707 2583 ceterum
726 2550 773 2581 non
788 2535 836 2595 plus

177 2588 307 2660 animorum,
319 2595 348 2639 od
355 2596 430 2643 hostes
439 2604 493 2643 erat
530 2597 575 2643 Ubi
584 2600 678 2659 primum
688 2599 768 2652 illuxit,
780 2598 837 2645 abire

178 2657 462 2720 flneoertumiuecupiuut:
477 2661 515 2709 sed
527 2662 562 2709 vis
572 2677 622 2719 uno,
634 2671 658 2713 ,et
668 2678 694 2711 es
703 2663 837 2727 ipsspraeter
