1809 2950
197 182 227 230 T.
241 179 329 229 LIVII
346 179 398 228 Laa.
413 177 515 228 xxm
534 178 594 229 Car.
607 187 648 230 3⁶.
706 189 756 232 tos

88 327 139 360 mae
149 312 201 360 inde
211 312 254 359 trio
264 310 332 358 millia
344 325 449 372 passuum
465 309 551 356 absum.
585 310 638 359 Janr
650 311 760 374 Campani
778 322 781 329 “

88 394 122 425 eo
136 376 264 438 frequentes
279 391 308 422 ex
322 375 445 436 composito
456 382 613 429 convenerant,
630 391 672 424 nee
682 380 760 439 procul

87 442 145 489 inde
154 443 178 487 in
189 441 277 493 occulto
286 439 374 487 Marius
382 438 464 491 Allius,
475 439 639 494 mediatuticus,
648 442 762 505 (summus
852 462 854 471 s

90 507 239 568 magistratus
253 513 300 552 erat
318 502 449 565 Campanis)
464 517 516 550 cum
530 506 696 564 quatuordeeim
711 507 762 553 mil-
777 522 781 530 ·

91 573 153 618 libus
164 578 299 618 armatorum
310 570 402 616 habebat
412 576 499 625 castm
511 568 618 616 sacrificio
628 572 760 633 apparando,

90 643 119 683 et
129 636 188 682 inter
198 635 220 682 id
228 633 364 680 instruendae
370 632 443 680 fraudi
451 633 564 693 aliqunto
571 633 684 688 intentior,
693 651 761 696 quam

92 700 221 746 muniendis
236 698 320 751 castris,
338 705 377 744 sut
390 698 429 744 ulli
444 697 533 744 militari
547 699 615 759 operi.
649 699 761 747 Triduum

92 763 242 812 sacrificatum
250 762 278 809 ad
287 762 381 808 Henna.
411 761 555 819 Nocturnum
566 772 614 810 erat
624 766 763 820 aerumna

94 837 189 876 utente
203 828 298 874 mediam
313 833 402 874 noctem
418 828 572 888 compleretur.
608 828 672 875 Huic
689 830 763 876 Grae-

93 895 153 941 chus
161 892 307 939 insidiandum
318 891 413 952 tempori
424 899 493 944 ratus,
510 893 639 940 custodibus
648 894 677 940 ad
686 902 763 956 portas

93 958 181 1021 positis,
199 972 228 1004 ne
238 957 287 1017 quis
298 955 413 1002 enuntiare
422 963 499 1016 posset
509 964 588 1018 empta,
605 966 629 1004 et
639 960 667 1006 ab
677 957 764 1006 decimi

94 1023 141 1069 diei
155 1020 210 1069 hort
224 1021 306 1068 coactis
321 1020 426 1066 militibus
436 1035 530 1082 corpora
539 1036 623 1076 curare,
640 1039 764 1085 somnoque

95 1102 188 1150 operam
199 1087 257 1139 dare,
275 1093 300 1131 ut
310 1085 387 1146 primis
398 1084 493 1131 tenebris
504 1086 624 1132 convenire
634 1089 662 1133 ad
673 1090 763 1150 signum

96 1158 197 1215 possent,
215 1147 291 1212 viguit
300 1149 371 1196 ferme
381 1146 453 1210 primi
467 1149 515 1194 tolli
521 1149 589 1210 jussit
600 1150 678 1212 signu
696 1149 764 1200 aileu.

96 1217 161 1278 tique
174 1215 287 1277 proiectus
299 1214 396 1276 agmine,
414 1228 467 1260 cum
476 1213 506 1260 ad
517 1210 605 1260 Hamas
615 1214 688 1262 medii
698 1225 765 1265 nocte

96 1280 243 1344 pervenisset,
261 1286 333 1326 castra
344 1274 466 1340 Campana,
483 1279 549 1324 utin
566 1279 691 1341 pervigilio,
708 1279 784 1344 neg-'

96 1348 164 1398 lecta,
177 1345 242 1390 simul
251 1343 352 1389 omnibus
360 1343 430 1404 portis
440 1343 538 1390 inuadit:
552 1343 607 1390 alios
617 1359 697 1390 murno
708 1353 766 1392 stra·

98 1419 143 1463 tos,
164 1409 219 1456 alios
237 1414 363 1470 perpetrato
382 1422 445 1454 sacro
464 1409 560 1454 inermes
578 1407 703 1463 redeuntes,
725 1411 765 1459 ob,-

98 1482 195 1523 truneat.
231 1471 358 1520 Hominum
369 1488 397 1519 eo
407 1474 505 1519 tumultu
518 1480 628 1519 nocturno
642 1490 702 1521 cassa
715 1474 765 1537 plns

99 1541 146 1587 duo
160 1539 234 1592 millia,
252 1554 303 1585 cam
318 1538 367 1599 ipso
381 1538 438 1585 duce
449 1537 525 1585 Mario
539 1536 614 1585 aino:
634 1547 699 1600 capta
712 1548 765 1587 aunt

100 1606 166 1667 signa
176 1603 278 1650 militaria
287 1609 382 1663 quatuor
393 1609 416 1648 et
427 1602 525 1663 triginta·
595 1612 598 1618 ’

85 1663 89 1673 “
132 1665 256 1714 XXXVI.
276 1668 399 1719 Gracchus,
416 1667 492 1712 minus
505 1672 596 1712 eentum
610 1668 705 1715 miiitum
716 1671 765 1731 Jac-

99 1730 151 1781 tuni
165 1732 243 1779 eastris
259 1732 355 1778 hostium
373 1731 466 1792 potitus,
484 1728 569 1778 Cumas
585 1746 610 1777 se
622 1748 716 1794 propere
730 1749 766 1780 rs.

99 1798 166 1859 cepit,
184 1798 212 1843 ab
226 1795 354 1844 Hannibale
368 1802 477 1848 innuens,
495 1796 532 1855 qui
547 1811 614 1857 super
626 1794 727 1858 Capuam
741 1798 766 1844 in
830 1800 833 1810 ¹

98 1862 183 1910 Tifatis
196 1862 288 1908 habebat
302 1866 380 1907 castra
413 1859 466 1906 Nec
480 1875 532 1906 mm
546 1861 638 1921 provida
651 1860 721 1909 futuri
732 1862 767 1910 ie-
852 1884 858 1892 ·

71 1960 74 1965 -
98 1928 157 1975 lellit
171 1926 259 1987 opinio:
279 1939 330 1971 narn
345 1924 412 1971 simul
427 1922 529 1986 Capuam
539 1940 566 1971 ea
576 1925 649 1972 clades
659 1935 694 1973 eat
708 1943 767 1975 nun·

100 1994 163 2044 tiata,
181 1998 242 2037 ratus
259 1989 380 2043 Hannibal,
401 1990 429 2035 ab
445 2005 471 2036 re
487 1990 544 2037 bene
561 1988 628 2052 gesti
645 1992 767 2039 insolenter

100 2058 179 2103 laetum
198 2055 320 2101 exercitum
337 2053 443 2107 tironum,
460 2053 544 2116 magud
559 2069 589 2101 ex
602 2064 673 2116 porte,
691 2072 768 2103 semo.
796 2074 803 2087 κ

101 2134 202 2232 ‘titt
208 2118 596 2229 Hlilffliisl‘lm
609 2123 768 2232 “ffloei'cld

100 2262 169 2312 puam
188 2246 252 2307 rapit,
270 2216 438 2306 obviosque’ax
455 2245 511 2307 lugd
529 2190 696 2307 mm
715 2248 768 2295 dato

100 2312 206 2376 praesidio
215 2308 315 2371 Capuam
323 2310 381 2365 duci,
391 2311 478 2357 saucios
485 2310 592 2356 vehiculis
599 2311 682 2371 portari
688 2312 765 2373 jubet:

100 2380 151 2439 ipse
163 2374 244 2423 Hunis
258 2390 329 2422 vacua
343 2376 370 2423 ab
383 2375 484 2421 hostibus
498 2381 578 2427 casua
595 2376 768 2436 necquidquam

100 2448 183 2504 praeter
194 2440 288 2485 recentis
299 2440 394 2501 vestigia
403 2440 479 2492 caedis,
496 2446 608 2499 strataque
621 2440 703 2501 passim
718 2456 769 2488 eor-

101 2520 157 2568 pora
172 2504 290 2556 sociorum,
307 2504 399 2551 invenit.
418 2503 548 2550 .Auctores
556 2511 621 2550 erant
630 2504 727 2565 quidam,
744 2514 770 2553 ut

119 2570 205 2616 rotinus
215 2568 267 2615 inde
278 2566 363 2617 Cumas
374 2569 471 2622 duceret,
489 2570 610 2628 urbeanque
620 2577 766 2629 oppugnaret

101 2587 133 2680 ld
152 2648 284 2693 quamquam
304 2633 362 2679 haud
379 2633 466 2679 modice
482 2632 596 2679 Hannibal
611 2632 717 2694 cupiebat,
736 2641 768 2687 ut,

102 2700 156 2760 quia
166 2697 286 2759 Neapolim
296 2712 343 2745 non
355 2705 466 2759 potuerat,
483 2696 569 2747 Cumas
583 2697 669 2752 saitem,
686 2697 771 2744 mariti·
