1809 2950
219 117 248 164 T.
262 113 351 165 LIVII
367 116 420 164 L'm.
435 115 494 166 VII·
514 117 573 168 cn».
587 118 636 167 28.
725 113 757 168 'tt

83 249 152 295 ambo
167 254 216 294 tum
230 246 289 296 forte
299 247 383 309 patricii
398 248 502 294 consules
511 255 582 302 crant,
599 248 638 308 qui
649 243 757 295 ratio'uem

83 315 134 375 ejus
149 327 175 358 se
189 312 302 358 habituros
317 313 435 374 negabant.
471 313 517 360 Sed
532 320 556 358 et
571 314 620 374 ipse
633 312 759 360 constantii

82 377 200 438 inceptum
218 377 327 433 obtinuit;
345 383 367 422 et
382 376 472 430 tribuni,
490 378 551 423 omni
570 377 593 423 vi
609 377 758 438 recuperando

77 443 121 503 jus
129 441 282 488 consularibus
291 441 386 487 comitiis
395 443 508 494 amissum,
518 441 664 504 adjuverunt3
676 449 699 487 et
707 456 758 487 carm

84 507 156 567 ipsius
177 505 220 552 viri
239 507 344 566 majestas
363 505 445 552 nullius
463 507 555 552 honoris
575 505 690 567 fastigium
712 520 759 551 non

84 572 195 630 aequabat,
213 577 262 615 tum
278 585 318 630 per
334 570 444 624 eumdem,
462 572 501 632 qui
515 571 543 616 ad
559 571 720 616 dictaturam

84 636 168 680 ruisset
175 635 242 687 viam,
252 649 369 680 censuram
380 649 470 696 quoque
477 637 500 680 in
508 642 592 696 purtem
600 636 675 681 vocari
682 585 759 696 piem

84 699 182 746 volebat·
218 699 269 745 Nec
280 700 389 746 variatum
401 700 497 746 comitiis
507 707 548 753 est,
560 700 613 760 quin
625 715 676 746 cum
688 699 759 745 Man·

83 763 117 810 lio
139 762 213 812 Cnaeo
232 779 312 810 censor
331 764 433 811 Marcius
455 771 573 811 crearetur.
614 763 757 810 Dictatorem

84 843 177 905 quoque
193 829 229 874 hic
247 827 411 905 anpusels'ahnit
428 829 467 905 M..
477 828 577 905 ΙΙζιὶιὶιιιιι,
595 829 657 904 nullo
673 836 758 874 terrore

83 893 203 1004 ιι
217 893 759 1020 ιι

83 1037 108 1068 vr
160 1040 166 1067 ι
186 1037 227 1068 nec
238 1030 314 1068 tamen
348 1031 433 1069 statura
528 1037 590 1068 orem
600 1037 652 1068 eum
662 1036 758 1067 consen-

84 1101 136 1132 sum
155 1085 250 1132 Patrum
266 1087 418 1134 consularibus
432 1039 529 1134 ciiritiis
545 1087 605 1140 fecit,
622 1101 689 1151 quam
704 1100 758 1132 cen-

82 1152 149 1197 soriis
159 1150 238 1198 tuerat

118 1214 220 1260 XXIII.
240 1215 276 1261 M.
291 1215 400 1277 Popillius
419 1215 504 1262 Laenas
521 1231 536 1262 a
552 1216 616 1278 plebe
634 1216 719 1269 consul,
743 1231 758 1261 a

83 1277 190 1326 Patruitus
202 1278 230 1324 L.
243 1277 361 1327 Cornelius
373 1280 447 1340 Sprio
458 1281 530 1326 datus.
557 1280 658 1327 Fortuna
668 1294 758 1340 quoque

83 1343 228 1390 illustriorem
237 1343 347 1404 plebeium
362 1345 477 1391 consulem
491 1344 558 1390 fecit:
577 1359 637 1396 nam,
655 1359 706 1389 cum
720 1345 756 1389 in·

82 1416 177 1470 gentem
197 1409 314 1455 Gallorum
331 1409 452 1454 exercitum
470 1409 493 1453 in
510 1424 566 1470 agro
583 1407 667 1454 Latino
685 1415 757 1453 castra

82 1474 187 1536 posuisse
201 1474 326 1519 nuntiatum
340 1482 414 1530 esset3
431 1474 537 1535 Scipione
550 1474 614 1535 gravi
625 1472 703 1518 morbo
713 1471 755 1519 im·

82 1539 169 1600 plicito,
188 1538 300 1585 Gallicum
315 1538 398 1584 beilum
415 1537 512 1599 Popillio
528 1545 592 1585 extra
606 1537 705 1582 ordinem
716 1537 755 1583 da-

82 1610 140 1649 tum.
177 1601 210 1656 Is,
222 1603 316 1665 impigre
327 1604 427 1649 exercitu
439 1604 528 1663 scripto,
540 1617 592 1648 cum
603 1616 681 1652 omnes
692 1608 756 1649 extra

81 1674 172 1730 portam
184 1665 298 1729 Capenam
309 1668 337 1713 ad
348 1667 432 1715 Martis
442 1667 514 1713 aedem
528 1666 648 1712 convenire
658 1674 755 1713 armatos

77 1733 182 1795 juniores
187 1733 299 1795 jusisset,
309 1732 417 1793 signaque
424 1732 503 1778 eodem
509 1738 632 1792 quaestores
639 1746 668 1777 ex
676 1732 755 1778 aerano

81 1796 176 1850 deferre,
195 1803 290 1857 quatuor
309 1796 402 1858 expletis
420 1796 552 1857 legionibus,
565 1796 630 1855 ¹quod
647 1795 755 1857 superfuit

81 1862 187 1915 militum,
206 1860 233 1907 P.
244 1860 337 1909 Valerio
349 1860 570 1922 Publicolaepraetori
580 1860 684 1917 trulidit3
701 1876 754 1906 ιιιιο-
848 1905 851 1912 ,

81 1932 118 1973 tor
129 1924 235 1972 Patribus
246 1926 354 1972 scribendi
369 1926 458 1972 alterius
472 1925 591 1979 exercitus,
609 1925 670 1985 quod
680 1926 708 1971 ad
719 1926 754 1969 ln-

80 1998 155 2037 oertos
165 1990 218 2037 belli
225 1998 320 2037 eventus
331 1990 450 2037 subsidium
462 1991 586 2052 rdpubdcae
596 1997 662 2036 esset.
693 1988 753 2051 Ipse,

76 2056 125 2117 jam
134 2056 190 2101 satis
199 2055 301 2102 omnibus
311 2055 424 2101 instructis
433 2056 614 2117 comparatisque,
627 2056 655 2101 ad
665 2056 753 2101 hostem
808 2077 811 2084 ·

80 2120 169 2183 pergit:
189 2121 253 2181 cujus
267 2127 293 2166 ut
306 2120 367 2181 prius
381 2128 483 2167 nosceret
494 2122 560 2173 vires,
578 2136 644 2180 quam
654 2117 753 2181 periculo

81 2184 161 2231 ultimo
172 2191 284 2241 tentaret;
301 2185 324 2229 in
340 2184 432 2238 tumulo,
451 2200 518 2244 quem
532 2186 659 2246 proximum
674 2182 753 2228 castris

81 2248 201 2295 Gallomm
213 2264 291 2310 capere
301 2249 380 2310 potuit,
392 2250 475 2295 vallum
487 2250 567 2296 ducere
576 2248 651 2309 coepit.
687 2247 752 2294 Gens

79 2309 145 2359 ferox
159 2320 183 2359 et
197 2314 282 2375 ingenii
297 2313 355 2359 aridi
366 2314 394 2359 ad
404 2329 511 2376 pugnam,
529 2329 588 2367 cum,
605 2311 683 2373 procul
697 2311 751 2359 visis

81 2376 239 2425 Romanorum
261 2378 338 2440 siguis,
363 2386 388 2425 ut
408 2380 521 2440 extemplo
540 2377 643 2439 proellum
662 2375 749 2431 luitura,

81 2443 225 2503 explicuisset
242 2444 327 2500 aciem3
344 2451 462 2504 postquam
477 2458 549 2502 neque
565 2443 589 2487 in
606 2456 695 2501 aequum
712 2441 752 2487 de-

82 2507 140 2552 mitti
154 2522 238 2568 egmen
254 2508 316 2559 vidit,
335 2516 357 2553 et
372 2524 423 2554 cum
433 2508 477 2553 loci
488 2507 610 2559 altitudine,
628 2513 676 2551 tum
693 2506 752 2551 vallo

9 2591 11 2635 g
82 2571 148 2617 etiam
165 2571 236 2632 integi
248 2572 373 2625 Romanos,
390 2573 504 2633 perculsos
517 2586 600 2631 pavore
614 2577 668 2624 rata,
685 2569 752 2618 simul

9 2654 10 2665 ι
82 2636 261 2701 opportuniores,
273 2636 334 2697 quod
344 2636 423 2683 intenti
434 2644 483 2683 tum
493 2634 590 2684 maxime
600 2635 661 2697 operi
668 2640 751 2687 wenta
