1809 2950
208 141 238 191 Τ.
251 137 339 193 len
356 144 409 193 Lm
421 135 468 193 nt
491 119 550 196 c'ln
562 149 601 193 42.
693 149 740 196 ma

66 261 133 319 iffi:
150 279 247 349 postero
256 274 466 337 insequentibusque
477 275 552 322 diebus
563 281 586 322 et
596 275 671 321 eaete'ri
680 273 740 321 Um-

66 338 159 383 biorum
182 339 260 400 populi
281 339 398 387 deduntur.
433 339 561 388 Ocriculani
580 337 699 401 sponsione
717 339 741 386 in

68 401 192 448 amicitiam
202 403 294 466 accepti.
369 444 372 448 .

97 463 187 513 xm
207 466 297 523 Fabius,
315 467 393 516 alieuae
408 467 624 520 sortisvictorbelli‚
642 468 665 512 in
677 478 740 516 mm

66 531 208 592 provinciam
220 533 344 580 exercitum
354 533 452 580 reduxit:
472 534 547 596 itaque
557 533 584 588 ei,
603 531 632 578 ob
643 547 678 578 res
692 538 739 578 tarn

65 593 163 641 feliciter
177 604 261 658 gestus,
280 597 337 644 sicut
351 599 424 660 priore
439 614 498 646 anno
515 597 610 661 populus
625 595 742 642 continuu-

66 661 132 706 r'erat
143 661 292 716 consulatum,
310 663 341 709 ita
351 671 440 710 senatus
451 664 474 708 in
485 665 638 724 insequentem
647 673 738 714 annum,

66 733 112 786 quo
129 725 177 788 Ap.
194 723 308 780 Claudius,
327 725 355 773 L
367 727 509 782 Volumnius,
528 727 630 774 consules
640 725 739 778 fuerunt,

65 789 207 851 prorogavit,
233 792 330 838 maxime
351 791 426 854 Appio
447 793 584 845 adversante,
611 790 736 852 imperium.

65 853 171 916 Appium
194 869 309 902 oensorem
330 858 412 917 petisse
434 857 580 909 consulatum,
607 853 740 915 comitiaque

65 919 117 980 ejus
128 919 156 965 ab
167 917 198 964 L
209 917 280 966 Furio
290 920 378 966 tribuno
388 921 457 984 plebis
471 921 616 982 interpellata,
634 919 705 966 donee
716 933 741 965 se

66 981 166 1029 oensuri
186 983 301 1038 abdimvit,
318 985 342 1030 in
360 985 490 1046 quibusdam
509 986 623 1031 annalibus
641 983 747 1029 invenio-¹

67 1043 170 1095 emtus
180 1049 265 1102 consul,
284 1064 335 1094 oum
345 1050 439 1112 eollegae
450 1063 534 1096 novum
544 1049 633 1101 bellum,
653 1048 741 1094 Sallen·

66 1111 110 1158 tini
125 1112 206 1158 hostes
220 1112 396 1167 decernerentur,
414 1114 497 1160 Romae
508 1113 597 1166 mansit,
616 1119 641 1158 ut
652 1113 741 1158 urbanis

67 1175 155 1223 atibus
170 1190 224 1238 opes
239 1185 338 1240 augeret,
355 1179 442 1239 quando
457 1178 508 1224 belli
524 1177 591 1224 decus
607 1191 674 1239 penes
686 1175 740 1223 alios

67 1248 139 1288 Μ
175 1239 323 1288 Volumnium
333 1243 453 1305 provinoiae
464 1239 523 1289 haud
533 1242 649 1304 poenituit:
669 1241 740 1286 multa

67 1303 169 1353 emmiu
182 1306 262 1367 proelia
271 1305 337 1353 lecit:
356 1307 438 1368 aliquot
450 1309 515 1354 urbes
524 1307 621 1352 hostium
637 1306 660 1350 vi
674 1304 740 1365 cepit

68 1367 161 1417 Praene
172 1371 329 1433 exstinguor,
347 1379 370 1418 et
382 1373 550 1434 benignitatem,
560 1386 600 1432 per
611 1385 635 1416 se
646 1375 740 1430 gratam,

69 1435 180 1483 sumitate
194 1435 324 1499 adjuvabam
341 1435 477 1497 militemque
487 1437 515 1482 iis
525 1435 608 1482 artibus
623 1432 705 1480 fecerat
720 1437 743 1480 et

67 1501 163 1563 primuli
177 1508 201 1547 et
215 1501 296 1547 laboris
310 1501 407 1549 avidum.
443 1500 475 1555 Q.
490 1498 572 1547 Fabius
582 1496 702 1559 proconsul
713 1495 741 1544 nd

69 1566 149 1612 utitem
160 1565 243 1612 Alium
254 1580 304 1612 eum
317 1566 450 1613 Samnitium
462 1566 560 1611 exercitu
572 1563 642 1625 signis
657 1560 743 1609 collatu

68 1621 183 1695 configit.
219 1628 316 1677 Minime
326 1632 430 1693 unbigua
440 1643 476 1676 res
486 1628 541 1675 luit:
557 1627 601 1674 fusi
611 1629 694 1680 hostes,
707 1632 742 1673 at·

67 1698 116 1757 que
124 1692 150 1741 in
160 1701 235 1741 casua
248 1696 368 1756 compulsi:
388 1709 429 1742 neo
440 1700 513 1741 eastra
522 1692 596 1740 forent
607 1698 699 1745 retenta,
718 1690 741 1737 ni

68 1758 181 1822 &mgnum
197 1759 341 1823 superfuisset
356 1757 412 1807 dieis
431 1767 484 1806 unte
499 1766 588 1805 noctem
603 1766 677 1804 tamen
689 1762 742 1802 sunt

69 1825 225 1878 mmmmm,
243 1831 266 1871 et
280 1832 346 1871 nocte
356 1825 472 1879 custodita,
490 1823 579 1885 nequis
590 1822 644 1869 elabi
655 1828 738 1883 posset.

19 1908 24 1913 ·
69 1884 169 1935 Postero
184 1888 226 1942 die,
244 1889 336 1935 vixdum
346 1890 396 1936 luce
410 1888 478 1943 uerti,
497 1888 579 1933 deditio
589 1886 636 1933 fien'
652 1893 740 1948 coepta;

70 1959 94 1999 α
103 1952 172 2017 pacti,
190 1954 229 2014 qui
244 1952 376 2000 Samnitium
386 1953 468 2003 forent,
486 1960 512 1999 ut
523 1968 573 1999 cum
586 1951 680 2013 singulis
690 1963 742 1996 ves-

69 2018 171 2065 timentis
189 2017 350 2064 emitterentur.
386 2018 420 2063 Hi
434 2029 513 2063 omnes
530 2018 658 2079 subjugum
668 2015 739 2061 missi.

71 2080 145 2130 soem
153 2081 289 2129 Samnitium
301 2083 355 2127 mbil
368 2090 470 2127 cautum:
491 2082 519 2129 ad
529 2088 613 2143 septem
624 2080 692 2125 millia
700 2078 742 2125 sub

70 2144 155 2195 euroni
171 2142 270 2193 veniere.
307 2145 353 2200 Qui
373 2160 397 2193 se
414 2147 486 2193 civem
503 2144 628 2192 Hernicum
648 2142 740 2196 dixerat,

71 2223 174 2259 murnum
185 2210 209 2256 in
219 2208 321 2257 custodiit
330 2211 423 2258 babitus.
451 2210 500 2257 Eos
511 2224 589 2256 omnes
600 2206 682 2255 Fabius
691 2204 742 2251 Ro-

71 2274 170 2323 mamad
178 2280 280 2322 senatum
291 2276 364 2323 misit:
384 2284 414 2329 et,
432 2290 483 2321 cum
494 2274 613 2335 quaesitum
625 2277 691 2322 esset,
703 2269 743 2315 de·

71 2340 132 2388 lectu
142 2354 173 2387 an
184 2340 303 2386 voluntarii
313 2356 354 2404 pro
366 2341 502 2389 Samnitibus
512 2336 617 2384 adversus
626 2334 743 2381 Romanos

69 2403 200 2457 benissent,
218 2418 258 2466 per
275 2402 368 2451 Latinos
384 2405 478 2468 populos
494 2398 630 2449 custodiendi
647 2398 742 2445 dantur:

65 2469 172 2532 jussique
187 2482 236 2515 eam
251 2468 362 2532 integrum
379 2485 426 2517 rem
443 2468 496 2514 novi
513 2464 622 2518 consules,
641 2462 668 2509 P.
684 2460 743 2510 Cor-

70 2532 145 2582 nelius
163 2534 258 2587 Arvina,
277 2532 310 2588 Q„
323 2533 424 2581 Marcius
434 2532 561 2583 Tremulus,
581 2528 607 2593 (ii
622 2528 680 2575 enim
694 2527 742 2589 Jam

70 2600 141 2647 metu
152 2603 218 2645 mut
238 2598 375 2645 adseuatum
383 2598 472 2645 referre.
503 2594 530 2641 Id
541 2592 668 2657 aegrepassi
680 2589 743 2637 Her-

69 2663 123 2719 Η,
268 2663 403 2728 populorum
412 2661 513 2709 omnium
522 2659 652 2708 habentibus
663 2658 744 2719 ΑΜΒ·
