1809 2950
100 154 104 162 '
159 142 218 204 ild·
303 153 432 203 T.-L1vl1
448 153 502 202 Ius.
514 151 561 200 IX·
581 149 642 202 Car.
654 155 696 198 11:

163 285 216 332 inde
233 300 263 333 se·
275 286 388 348 extenplo
405 283 567 338 abdicaverunt
586 281 704 342 traditique
722 277 836 326 fetialibus
894 289 895 320 1

164 365 217 398 cum
233 351 321 398 ceteris
332 349 443 400 Caudium
459 349 561 396 ducendi.
596 347 651 394 Hoc
662 345 722 398 sacto
734 345 836 390 senatuis-

165 416 275 470 consuto,
287 417 331 462 lux·
336 416 439 475 quaedsm
449 413 559 460 effulsisse
567 412 651 459 ciuitati
662 411 711 456 visa
718 418 759 455 est
791 407 837 454 Po-

166 481 261 545 stumius
270 481 294 526 in
305 496 344 527 ore
351 488 413 537 erat;
425 495 478 526 eum
484 479 583 526 laudibus
595 476 622 522 ad
631 475 713 522 coelum
720 473 834 520 ferebautr

165 545 278 592 devotioni
298 543 326 590 P.
341 543 408 590 Decii
427 543 532 596 consulis,
553 542 600 588 aliis
619 540 684 586 claris
702 538 837 585 facinoribus

165 611 290 670 aequahaut.
319 602 838 664 Emersissecivitstemexobnoxidpaceillius

166 674 259 720 consilio
267 680 290 718 et
298 670 379 733 operi:
398 673 472 734 ipsum
483 687 507 718 se
518 671 650 718 cruciatibus
658 677 681 716 et
688 668 786 714 hostium
798 668 839 712 irre

166 736 252 789 offerre,
269 737 400 797 piaculaque
409 753 451 798 pro
461 737 544 798 populo
555 735 660 782 Romano
672 735 731 780 dare.
767 731 841 778 Arma

166 802 242 849 cuncti
259 808 360 862 spectant
373 808 397 847 et
411 801 501 848 bellum.
539 808 554 830 “
566 799 604 846 En
620 814 715 859 unquam
728 797 838 850 futurum,

166 865 405 926 utcongredisrmetis
416 881 468 912 cum
478 861 683 912 Samnitelicsat?”
710 861 841 908 Iucivitste
894 909 895 912 ,

166 928 200 977 'ut
210 930 306 990 odioque
316 931 414 984 ardente
432 931 531 978 delectus
544 945 613 991 prope
625 927 723 974 omniurn
735 927 841 972 volunta·
894 923 895 962 l

167 995 251 1041 riorum
261 994 317 1041 fuit:
331 997 444 1058 rescriptae
454 1010 484 1042 ex
492 995 569 1042 eodem
578 993 647 1040 milite
656 1007 721 1038 novae
729 991 840 1052 legiones,
894 1025 895 1052 p

167 1059 448 1121 ductusqueadCaudium
460 1059 577 1106 exercitus.
608 1055 845 1119 Praegressifeciales-
894 1065 895 1098 ἐ

167 1124 204 1170 ubi
219 1125 248 1171 sd
262 1133 349 1186 portam
364 1123 453 1179 venere,
471 1131 557 1172 vestem
574 1123 659 1170 detrahi
672 1121 732 1183 pacis
746 1136 843 1182 sponso-
894 1155 895 1158 η

167 1189 228 1236 ribus
239 1191 325 1252 jubent,
343 1205 422 1236 manus
437 1196 489 1251 post
504 1196 594 1250 tergum
608 1187 693 1233 vinciri.
730 1183 791 1234 Cum
802 1201 843 1246 ap-

165 1255 251 1317 paritor
259 1253 392 1302 verecundis
399 1254 521 1317 majestatis
530 1253 672 1300 Postumium
680 1252 730 1298 laxe
738 1250 841 1303 vinciret,

167 1326 185 1349 ‘⁴
197 1319 259 1373 Quin
277 1319 327 1373 tu,''
349 1321 429 1380 iuquit,
448 1319 565 1366 “adducis
582 1319 662 1370 lorum,
680 1324 705 1362 ut
718 1316 783 1377 justa
800 1313 843 1362 tat
894 1313 895 1330 ¹

167 1384 250 1430 deditio
256 1383 284 1430 ?”
301 1383 370 1438 Tum,
389 1384 425 1430 ubi
440 1378 464 1430 ih
479 1392 564 1440 emtum
580 1381 712 1430 Samnitium
728 1379 791 1426 etad
802 1380 844 1426 tri-

166 1449 235 1497 bunal
245 1458 338 1498 ventum
348 1449 424 1497 Pontii
435 1456 476 1503 est,
489 1447 520 1496 A.
533 1447 652 1498 Cornelius
663 1445 750 1493 Arvina
757 1443 844 1492 fecialis
894 1482 895 1485 ,

167 1514 200 1561 its
216 1518 284 1563 verba
300 1515 367 1563 fecit:
389 1514 556 1575 “Quandoque
573 1514 622 1559 hice
639 1512 740 1558 homines
754 1511 843 1573 injussu
894 1508 895 1515 ’

167 1580 244 1641 populi
259 1580 358 1627 Romani
374 1580 498 1633 Quiritium
512 1578 586 1625 foedus
597 1578 667 1625 ictum
677 1576 704 1621 iri
715 1575 843 1637 spoponde-

168 1651 228 1697 runt,
246 1651 313 1705 atque
327 1645 356 1690 ob
371 1660 420 1690 eam
435 1660 484 1691 rem
499 1658 581 1690 noxam
595 1646 734 1697 nocuerunt;
752 1641 843 1687 obeam
894 1638 895 1641 ’

269 1787 284 1817 o
315 1787 356 1817 nes
372 1788 403 1817 vo
418 1788 437 1817 us
513 1804 520 1818 .
611 1787 643 1817 aec
680 1784 747 1815 rcenr

168 1834 299 1882 Postumius
315 1850 377 1897 genu
393 1835 473 1889 femur,
491 1834 575 1897 quanti
592 1836 689 1882 maxime
705 1842 794 1895 poterat
810 1834 842 1886 ui,

169 1898 270 1959 perculit,
287 1905 311 1945 et
324 1897 383 1946 clatri
397 1916 454 1947 voce
469 1901 506 1955 ait,
525 1917 549 1947 se
563 1900 688 1947 Samnitem
699 1898 773 1946 civem
784 1914 842 1951 esse,

83 1965 88 1974 ¹
168 1962 232 2009 illum
242 1964 357 2025 legetum3
374 1963 475 2012 fecialem
486 1981 500 2012 s
511 1980 535 2012 se
544 1972 623 2011 contra
628 1963 668 2026 jus
678 1964 782 2025 gentium
793 1963 843 2010 vio-

167 2026 253 2084 latum3
269 2044 298 2075 eo
304 2029 388 2091 justius
398 2030 481 2076 bellum
490 2038 603 2093 gesturos.

200 2090 247 2138 XI.
265 2092 327 2139 Tum
344 2093 447 2149 Pontius,
468 2102 482 2123 “
495 2094 546 2141 Nec
563 2110 607 2155 ego
624 2094 688 2139 istam
705 2092 842 2140 deditionem

168 2157 299 2219 accipiam‚’'
317 2160 395 2220 inquit,
415 2167 431 2189 “
442 2175 484 2205 uec
502 2158 613 2207 Samnites
630 2166 700 2205 ratam
720 2159 840 2205 habebunt.

170 2220 233 2276 Quin
243 2231 275 2277 tu,
289 2223 327 2286 Sp.
337 2223 447 2278 Postumi,
461 2224 479 2271 si
488 2223 555 2271 Deos
562 2238 612 2270 esse
622 2238 706 2275 censes,
719 2230 759 2268 aut
767 2223 844 2269 omnis

168 2287 230 2335 irrita
242 2288 309 2342 iscis·
322 2297 361 2335 out
378 2296 445 2351 pacto
462 2288 526 2337 stas?
544 2288 638 2335 Samniti
655 2287 737 2349 populo
755 2302 842 2341 omnes,

169 2368 226 2413 quos
235 2352 259 2399 iu
269 2360 380 2413 potestate
387 2354 470 2407 habuit,
480 2360 519 2400 aut
529 2369 570 2415 pro
581 2354 613 2400 eis
623 2367 667 2413 pax
678 2352 777 2398 debetur.
798 2350 843 2398 Sed

169 2417 223 2477 quid
233 2432 278 2478 ego
293 2425 317 2464 te
331 2418 425 2480 appello,
443 2418 481 2478 qui
496 2426 519 2464 te
530 2426 619 2479 captum
630 2416 716 2469 victori,
735 2432 787 2463 cum
799 2414 843 2476 qud

168 2488 234 2541 potes
251 2480 302 2534 fide,
320 2483 435 2529 restituis?
458 2481 570 2543 Populum
590 2482 719 2529 Romanum
739 2480 842 2543 sppello;

169 2560 237 2604 quem
247 2544 271 2590 si
285 2548 411 2606 sponsionis
425 2546 454 2592 sd
465 2545 574 2593 Furculas
586 2544 698 2595 Caudinas
712 2544 786 2602 sactae·
794 2559 842 2607 pce·

171 2608 235 2660 uitet,
249 2610 354 2664 restituat
363 2611 464 2673 legiones
479 2611 537 2657 iutra
551 2612 639 2664 saltum,
657 2625 702 2671 quo
713 2618 785 2672 septae
795 2608 843 2655 fue-

171 2679 231 2721 tttut·
251 2671 342 2723 ‘Nouio
358 2690 494 2737 quemquam
512 2674 636 2738 deceperit:
656 2676 732 2723 omnia
749 2690 792 2738 pro
809 2674 842 2724 iu·
