1809 2950
170 191 219 236 ssa
244 147 250 160 “
282 185 312 234 u.
325 181 413 234 mvn
429 185 483 234 un
495 182 583 236 xxu
602 169 664 235 cu.
676 187 718 235 ss.

168 331 241 362 mauae
251 315 356 373 centiam
368 314 457 362 etseid
467 315 543 368 anniti,
555 322 581 361 ut
591 330 639 362 susa
652 314 749 360 invtoen
765 312 840 361 sinul'
855 368 860 374 ,

166 379 265 427 felicitati
276 387 299 427 et
309 381 384 426 virtuti
395 381 492 426 cedatur.
524 379 603 439 ltaque
613 378 735 425 rdimeudi
746 393 771 425 se
780 392 831 440 cap-

166 445 220 492 uvis
235 445 320 506 copiam
335 444 422 492 facere:
447 445 541 505 pretium
557 444 606 490 sore
623 445 645 488 in
664 444 744 504 capita,
764 443 832 503 equiti

166 510 291 570 quingenos
298 509 440 570 quadrigatos
447 520 558 560 nummos,
570 514 671 554 trecenos
678 507 754 567 pediti,
767 522 833 553 servo

167 573 285 620 centum.”
319 572 460 633 Quamquam
473 573 607 632 aliquantum
619 571 760 634 adjiciebam
770 572 833 632 equi·

167 638 226 683 tibus
243 638 271 683 ad
288 637 311 682 id
329 638 430 698 pretium,
450 637 510 697 quod
525 637 653 698 pepigerant
669 635 776 682 dedentes
792 651 831 693 ως

167 702 214 749 heti
224 709 298 748 umen
308 715 470 761 quamcumque
479 701 627 746 conditionem
635 699 760 761 paciscendi
769 715 832 746 aeae-

195 773 253 811 ruut.
288 763 375 810 Placuit
385 763 494 826 suffragio
503 765 600 826 ipsorum
611 764 687 810 decem
701 763 778 826 deligi,
794 764 832 824 qtu'

166 781 263 876 hiumam
280 829 308 874 ad
326 834 426 873 senatum
444 829 519 874 irent:
543 843 584 875 nee
599 829 681 890 pignus
696 827 757 873 aliud
772 828 830 881 fldu',

165 907 231 954 quam
251 899 276 937 ut
289 893 391 952 jurarent
410 908 434 939 se
451 893 566 945 redituros,
586 900 708 952 acceptum.
744 891 832 939 M'rssus

165 971 216 1002 cum
235 957 270 1002 his
289 953 395 1003 Carthalo
414 957 493 1003 nobilis
512 955 702 1018 Carthaginiensis
710 972 718 1013 ;
743 957 790 1016 qui,
813 956 832 1002 si

154 1020 221 1067 ¹i'orte
231 1019 260 1066 ad
269 1035 345 1083 pacem
357 1021 487 1068 inclinarent
497 1022 590 1074 animos,
606 1020 743 1066 conditiones
753 1019 830 1066 ferret.

164 1083 225 1134 Cum
236 1086 319 1148 egressi
331 1086 408 1132 eastris
417 1093 499 1139 essent,
515 1100 573 1131 uuus
587 1099 617 1130 ex
628 1085 662 1136 iis,
678 1085 773 1130 minime
782 1083 833 1131 Ro·

164 1150 224 1196 mani
234 1149 318 1211 ingenii
329 1151 403 1203 homo,
418 1150 481 1196 velut
494 1148 575 1210 aliquid
588 1149 675 1200 oblitus,
686 1149 833 1209 jurisjurandi

164 1214 263 1261 solvendi
278 1213 346 1260 causi
361 1229 412 1260 cum
427 1215 450 1259 in
467 1222 539 1260 castra
555 1213 653 1266 redisset,
671 1220 725 1259 aute
740 1221 833 1259 noctua

162 1279 258 1325 comites
272 1279 401 1338 assequitur.
437 1277 484 1324 Ubi
496 1293 535 1323 eos
546 1277 643 1323 Romam
653 1277 731 1323 venire
740 1277 832 1324 ntmt'n·

164 1351 214 1390 tum
228 1351 271 1397 est,
292 1341 420 1390 Carthaloni
437 1342 524 1387 obviam
539 1342 604 1386 lictor
619 1341 708 1393 missus,
728 1341 768 1400 qui
784 1341 832 1388 die-

164 1408 241 1454 tatoris
260 1407 331 1454 verbis
350 1407 467 1460 nuntiaret,
490 1412 516 1452 ut
533 1413 586 1452 ante
603 1412 691 1452 noctem
710 1405 832 1453 excederet

159 1471 244 1519 dinibus
254 1471 370 1519 Romanis.

196 1535 266 1584 le.
285 1535 378 1599 legatis
387 1537 524 1599 captivamur
534 1545 624 1583 senatus
633 1536 661 1582 ab
670 1536 781 1584 dictatore
790 1537 831 1584 da-

162 1609 248 1649 tusest.
279 1600 381 1655 Quonim
392 1602 500 1663 princeps,
512 1601 548 1648 M.
557 1600 645 1654 Junius,
658 1600 765 1647 “Patres
774 1616 832 1649 con-

163 1664 264 1727 scripti,”
279 1666 358 1725 inquit,
378 1672 393 1695 “
405 1680 471 1712 neruo
489 1665 588 1711 nonnum
603 1666 699 1727 ignorat,
718 1666 774 1712 uulh
788 1680 832 1712 un-

162 1746 229 1791 quam
244 1730 326 1776 civitati
340 1730 429 1776 viliores
443 1729 512 1776 luisse
527 1730 632 1791 captivos,
649 1745 716 1788 quarn
733 1737 827 1777 ηοω

163 1792 285 1846 Caeterum,
303 1794 345 1839 nisi
360 1795 423 1840 nobis
437 1795 487 1855 plus
498 1796 561 1855 justo
574 1802 650 1841 nostra
662 1794 736 1855 placet
750 1808 828 1847 causa,

161 1870 208 1904 nou
222 1857 258 1903 alii
272 1870 368 1917 unquam
383 1859 457 1904 miuus
471 1858 598 1920 negligendi
611 1858 681 1911 vohis,
695 1873 765 1918 quam
777 1873 828 1913 naa,

158 1921 185 1967 in
201 1920 298 1966 hostium
314 1928 446 1982 potestatem
460 1931 581 1969 venerunt:
603 1937 649 1969 non
665 1923 724 1969 enim
740 1922 765 1968 in
781 1924 832 1969 acie

160 2000 200 2048 per
216 1984 319 2029 timorem
335 2000 396 2031 arma
410 1986 554 2043 tradidimua3
575 1987 621 2040 sed,
640 2002 692 2033 nrm
710 2002 783 2049 prnpe
800 1988 830 2034 ad

161 2054 250 2095 noctem
259 2056 407 2111 superstantes
415 2051 511 2097 cumulis
518 2066 625 2097 cesorum
636 2066 756 2112 corponun
766 2066 829 2113 pnn-

160 2114 215 2161 lium
231 2112 409 2167 extraxissemus,
426 2114 449 2159 in
466 2123 539 2162 casua
552 2115 673 2176 recepimus
687 2130 736 2161 nos.
772 2114 828 2161 Diei

161 2178 269 2239 reliquum
280 2191 306 2223 ac
317 2184 405 2223 nomem
415 2178 575 2239 insequentem,
590 2178 642 2225 fessi
653 2179 730 2225 labore
738 2194 766 2225 ae
776 2179 826 2225 vru-

161 2242 256 2296 neribus,
268 2242 351 2289 vallum
362 2256 437 2288 sumus
448 2244 521 2289 tutati.
557 2241 651 2290 Postero
660 2243 703 2296 die,
719 2258 772 2289 curn
782 2242 826 2289 dr·

160 2306 268 2353 cumsesai
278 2307 305 2354 ah
315 2306 413 2353 exercitu
423 2308 508 2353 victore
517 2304 574 2367 aqui
584 2322 714 2360 arceremur,
729 2322 771 2353 nec
781 2308 828 2354 ulla

155 2371 204 2431 jam
220 2386 260 2431 per
274 2371 385 2418 confertos
399 2372 475 2418 hostes
489 2371 618 2432 monpenui
633 2387 684 2432 spes
698 2378 765 2423 esset,
782 2386 826 2418 nee

159 2448 209 2479 esse
219 2434 281 2480 nefas
291 2436 427 2489 ducmeutn,
439 2435 700 2497 quinquagintamilhim
708 2435 825 2481 hominum

156 2508 188 2541 ex
198 2497 245 2544 acie
255 2497 331 2545 nostri
341 2500 461 2552 trucidatis,
476 2500 570 2560 aliquem
583 2513 612 2545 ex
623 2497 737 2547 Cannensi
745 2496 825 2560 wgnd

158 2556 287 2605 Romanum
302 2562 393 2609 militem
406 2568 502 2620 restare3
518 2570 566 2609 tum
577 2562 669 2609 demum
677 2563 736 2623 pacti
746 2576 825 2608 munus

158 2621 260 2687 pretium,
275 2638 320 2684 quo
332 2626 422 2671 redemti
433 2626 606 2673 dimitteremurt
624 2641 693 2679 uma,
709 2626 733 2671 in
743 2626 824 2684 quibu

157 2681 349 2743 nihiljamauailii
359 2695 413 2744 erat,
425 2690 484 2737 hosti
494 2691 644 2746 cadamus
655 2687 824 2754 Maiarum&-
