1809 2950
178 135 225 185 144
315 140 344 187 T.
359 139 446 187 LIVII
464 140 516 187 Lm.
531 138 577 187 lx.
597 138 658 239 Pur.
671 144 710 187 31.

177 273 239 333 [ψ
250 277 350 333 agrestes
360 279 384 318 et
393 272 475 332 captivi
486 270 583 331 quidam,
595 284 646 331 pars
656 269 723 322 forte,
733 280 786 330 pars
794 282 849 321 con-
890 250 891 297 i

177 327 229 385 silici
238 337 311 390 oblati,
327 336 475 397 congruentia
489 336 516 381 ad
529 336 644 381 consulem
655 333 780 385 afferentes,
798 348 849 393 quae

176 411 201 450 et
212 409 344 454 remorant,
360 402 447 461 pecoris
461 401 507 446 vim
520 400 634 461 ingentem
641 399 668 443 in
681 399 761 445 saltum
772 398 848 443 avium

178 467 315 529 compulsam
325 481 381 522 esse,
397 466 548 526 perpulerunt,
565 472 590 509 ut
604 464 728 526 praedstum
741 474 769 511 en
780 476 849 524 expe-

169 534 231 579 ditae
241 532 374 577 ducerentur
384 530 491 589 legiones.
528 528 562 575 lbi
576 529 657 591 ingens
672 528 770 575 hostium
784 542 849 575 excr-

177 601 235 645 citus
245 596 324 641 itinera
334 594 434 640 occultus
444 593 563 655 insederat.
579 601 609 647 et,
624 600 743 655 postquam
754 590 850 639 intrtsse
890 620 891 631 ,

178 663 295 710 Romanos
305 660 360 705 sidit
371 659 459 711 saltum,
476 665 567 719 repente
582 666 673 706 exortus
688 672 739 704 cum
751 658 849 705 clamore

177 742 203 778 ac
214 725 311 771 tumrdtu
322 724 423 769 incautos
433 723 524 769 invadit.
560 722 594 769 Et
604 724 676 785 primo
687 738 747 769 nova
757 738 794 769 res
804 729 849 769 tre-

177 790 311 853 pidationem
321 788 381 841 fecit,
396 788 450 833 dum
465 803 527 835 arma
541 788 637 849 capiunt,
653 788 751 835 sarcinas
763 802 849 849 conge
890 794 891 849 ᾗ

178 862 230 901 runt
240 854 263 899 in
274 853 385 899 medium:
407 853 466 906 dein,
483 861 609 915 postquam,
627 859 652 899 ut
665 853 759 914 quisque
771 852 850 903 libera-
890 866 891 869 ¹

100 968 103 978 ¹
178 925 361 970 veratseonere
377 924 535 979 aptaveratque
547 919 621 971 armis,
637 917 741 979 adsigna
751 918 850 978 undique
890 918 891 963 ἒ

178 985 273 1037 coibant,
284 991 314 1037 et,
326 984 386 1029 notis
396 983 509 1029 ordinibus
518 983 541 1027 in
549 990 625 1029 vetere
633 980 747 1043 disoiplinir
755 982 848 1035 militine,

174 1051 222 1112 Jam
237 1048 285 1094 sine
299 1055 411 1110 praecepto
426 1048 493 1094 ullius
505 1045 546 1093 sui
556 1054 636 1109 sponte
647 1048 771 1095 struebatur
783 1048 849 1100 acies,

176 1115 263 1166 consid,
275 1113 429 1175 aduncipitem
436 1112 534 1165 maxime
542 1128 641 1178 pugnam
649 1112 763 1165 advectus,
776 1111 850 1159 desilit

177 1194 208 1225 ex
218 1194 283 1239 equo,
297 1185 321 1224 et
330 1176 421 1230 Joveni,
436 1176 588 1237 Martemque,
604 1184 670 1238 atque
685 1176 740 1223 alios
755 1182 851 1225 testetur

178 1243 252 1295 Deos,
271 1249 287 1272 ⁴⁶
296 1258 321 1288 se
335 1242 418 1289 nullam
433 1257 497 1288 suam
509 1242 604 1303 gloriam
619 1242 677 1294 inde,
695 1240 735 1287 sed
748 1240 849 1303 praedmr

178 1308 244 1357 militi
254 1314 398 1369 querentem,
410 1308 434 1353 in
445 1321 497 1353 eum
508 1308 583 1354 locum
594 1306 722 1353 devenisse:
743 1321 817 1367 neque
826 1307 850 1352 iu

178 1390 203 1421 se
214 1371 279 1427 aliud,
292 1388 359 1437 quam
370 1372 461 1417 nimiam
472 1371 556 1419 ditandi
566 1386 596 1419 ex
606 1373 671 1419 hoste
679 1370 755 1417 militis
764 1386 849 1424 euram,

169 1438 309 1503 treprehendi
316 1448 394 1501 posset
409 1438 437 1484 ab
444 1452 472 1484 eo
481 1452 505 1484 se
513 1436 620 1485 dedecore
628 1436 711 1484 nullam
720 1450 768 1484 rem
775 1436 850 1489 aliurn,

176 1523 244 1568 quam
256 1505 362 1552 virtutem
372 1503 477 1555 rnilitum,
488 1502 662 1550 vindicaturam:
683 1501 853 1550 conniterentur

178 1572 247 1619 modo
258 1585 304 1616 uuo
312 1570 386 1616 animo
395 1582 473 1614 omnes
481 1566 585 1614 invadere
593 1568 688 1620 bostem,
700 1565 787 1612 victum
796 1568 850 1620 acie,

177 1637 256 1684 castris
267 1642 367 1686 exutum,
380 1633 487 1680 nudatum
498 1633 594 1684 urbibus,
606 1632 707 1680 ultimam
718 1646 782 1694 spem
791 1631 852 1678 furto

178 1701 307 1751 insidiantur
315 1704 447 1749 tentantem,
457 1703 481 1744 et
486 1697 544 1750 loco,
557 1711 603 1744 non
611 1697 685 1750 armis,
693 1694 786 1742 fretum.
807 1697 853 1746 Sed

179 1779 247 1826 quem
263 1777 313 1810 esse
324 1763 372 1823 jam
388 1761 466 1807 virtuti
481 1761 593 1809 Romame
606 1761 804 1823 inexpugnabilem
819 1761 853 1810 lo-

178 1825 266 1876 cumi”
300 1825 433 1887 Fregellana
451 1840 499 1879 arx,
520 1826 656 1888 Soranaque,
676 1833 699 1872 et
716 1825 853 1888 ubicumque
890 1837 891 1842 ’

178 1895 256 1954 iniquo
266 1905 393 1939 successum
404 1897 452 1936 erat
463 1891 520 1944 loco,
534 1892 719 1940 memorabantur.
756 1889 806 1938 His
817 1907 854 1940 ae·

179 1972 261 2006 census
271 1955 343 2008 miles,
359 1955 460 2002 omnium
473 1955 589 2004 immemor
602 1955 772 2008 diffieututium
791 1955 853 2004 radit

167 2024 286 2071 ,mversus
304 2019 457 2066 imminentem
476 2021 573 2068 hostium
593 2022 670 2068 aciem.
706 2018 741 2068 Ibi
759 2021 853 2082 paulurn
890 2027 891 2030 ’

179 2087 260 2136 laboris
270 2084 320 2138 fuit,
332 2085 385 2131 dum
396 2084 419 2131 in
430 2085 547 2134 adversum
556 2086 638 2134 clivum
650 2085 744 2148 e'rigimr
752 2099 851 2148 agmen:

179 2154 295 2206 caet'erum,
312 2157 431 2212 postquam
444 2151 516 2213 prima
530 2151 596 2213 sigum
608 2151 725 2214 planiciem
739 2165 852 2201 armarant

178 2224 293 2281 oeperunt,
309 2215 422 2277 sensitque
432 2215 491 2262 acies
502 2231 567 2278 aequo
578 2231 603 2264 se
613 2217 662 2279 jam
672 2215 784 2264 institisse
792 2215 852 2270 boo,

178 2297 258 2333 sersus
269 2281 382 2342 extemplo
392 2288 427 2330 est
437 2289 509 2328 terror
519 2281 542 2327 in
551 2281 702 2339 insidiatorem
716 2281 854 2344 eanquue

179 2351 281 2398 latebris,
298 2346 378 2407 quibus
392 2362 417 2394 se
431 2346 498 2408 paulo
512 2353 688 2400 ente-texerant,
704 2346 773 2408 peisti
784 2354 854 2408 atque

178 2417 276 2463 inermes
293 2409 350 2473 fugi
367 2413 509 2472 repetebant:
537 2411 577 2460 sed
595 2411 644 2458 loca
665 2410 769 2463 difficilia,
794 2410 855 2458 horti

179 2479 283 2542 (μείω,
298 2477 357 2538 ipsos
372 2483 422 2522 trun
436 2473 478 2522 suis
492 2475 571 2523 fraude
584 2475 745 2538 impediebant:
763 2477 854 2538 its-que

179 2560 236 2606 ergo
247 2541 362 2604 perpaucis
369 2539 478 2602 effugium
488 2541 566 2602 patuit.
595 2539 662 2592 Caesa
672 2542 699 2588 nd
711 2541 795 2603 viginti
804 2541 854 2588 mii-

177 2610 208 2656 lia
219 2607 342 2658 hominmn,
353 2605 469 2666 victorque
479 2604 598 2654 Romanus
608 2606 636 2654 sd
646 2607 743 2654 oblatum
754 2605 820 2654 ultro
830 2606 855 2652 ab

179 2674 244 2720 hoste
255 2669 353 2732 praedm
364 2685 470 2731 pecorum
481 2669 591 2718 discurrit.
