1809 2950
202 151 231 199 T.
246 151 334 200 mvn
351 152 403 200 uns
419 127 527 202 xxm(
539 153 600 204 cu.
614 157 653 200 44.
715 158 762 200 411

95 287 163 329 vesto
179 289 246 344 atque
261 283 391 346 elephantis,
408 285 478 331 venit.
511 282 598 332 Castris
613 284 673 330 baud
688 283 766 346 procul

94 345 182 409 positis,
202 349 271 414 louge
290 349 332 395 elia
347 350 423 395 omnia
438 349 558 409 inquirenti
574 356 688 410 comperta
703 356 764 402 sunt,

93 427 162 472 quarn
179 426 230 474 quae
246 429 260 460 a
274 414 355 475 legatis
371 414 483 460 sociorum
499 414 612 460 audieret:
634 414 689 459 nibil
705 414 765 459 enim

93 475 220 524 Marcellus
238 478 270 525 ita
288 480 385 540 gerebat,
406 486 432 524 ut
448 486 487 525 aut
502 478 606 532 fortunae,
627 487 666 524 aut
681 485 766 524 temere

92 541 155 590 hosti
166 543 309 590 commissum
321 544 363 590 dici
373 550 457 606 posset.
478 543 611 605 Explorato,
623 559 675 590 eum
685 542 767 588 firmis·

93 621 139 668 que
151 608 268 668 praesidiis,
284 616 334 654 tuto
350 609 579 671 receptupraedalurn
593 608 660 654 ierat:
680 607 767 654 omnia·

94 685 147 732 que,
167 674 230 719 velut
248 674 353 720 adversus
372 681 506 736 praesentem
524 672 681 726 Hannibalem,
702 679 768 718 cauta

93 735 229 798 provisaque
239 737 336 784 suerunt.
363 738 431 793 Tum,
448 740 486 785 ubi
500 739 570 786 sensit
584 739 672 784 hostem
683 737 768 784 adven-

94 808 151 856 tare,
169 803 244 862 copias
259 803 317 850 intra
330 803 414 850 moenia
425 805 508 850 tenuit:
527 819 568 866 per
578 817 655 849 muros
665 802 768 848 inambu-

92 865 142 912 lare
153 874 267 912 senatores
283 866 386 914 Nolanos
398 868 473 928 jussit,
491 875 513 914 et
527 867 602 914 omnia
616 868 676 914 circa
690 866 769 927 explo-

93 945 153 984 rare,
166 945 218 991 quae
228 931 287 993 apud
298 933 373 977 hostes
383 930 470 978 fierent.
489 931 529 978 Ex
536 933 564 978 iis
572 931 665 986 Hanno,
678 947 730 978 cum
739 930 767 976 orl

11 995 16 1000 “
93 1009 188 1042 murum
199 997 349 1049 successisset,
367 994 510 1042 Herennium
524 996 621 1042 Bessum
634 1004 657 1042 et
669 995 767 1042 Herium

93 1059 208 1114 Petrium,
224 1061 252 1108 ad
263 1060 397 1122 colloquium
407 1068 524 1114 evocatos,
539 1061 692 1122 permissuque
702 1060 769 1106 Mar·

94 1125 148 1172 celli
159 1141 269 1188 egressos,
282 1142 321 1187 per
331 1126 476 1188 interpretem
486 1119 612 1185 alloquitur.
635 1123 769 1172 Hannibalis

92 1190 203 1238 virtutem
214 1190 371 1252 fortunamque
382 1191 480 1238 extollit:
498 1190 574 1252 populi
581 1189 681 1236 Romani
689 1190 770 1236 obterit

93 1263 251 1303 senescentem
262 1271 314 1304 cum
325 1256 407 1304 viribus
418 1257 564 1318 maJeststem.
587 1261 604 1284 ‘⁴
612 1253 672 1306 Quae
684 1254 771 1314 siparis

94 1329 180 1374 essent,
198 1328 223 1367 ut
239 1321 352 1381 quondam
369 1320 471 1374 luissent,
488 1327 564 1367 tamen
581 1318 686 1380 expertis,
703 1332 770 1378 quam

94 1400 167 1448 grave
178 1385 309 1432 Romanum
319 1385 436 1448 imperium
448 1385 522 1440 sociis,
538 1391 622 1445 quanta
631 1383 771 1444 indulgentia

95 1448 233 1497 Hannibalis
249 1451 316 1498 etiam
331 1451 355 1497 in
373 1451 473 1512 captivos
489 1464 567 1497 omnes
584 1447 658 1495 Italici
673 1447 771 1495 nominis

93 1514 184 1569 fuisset,
203 1515 312 1562 Punicam
329 1515 441 1562 Romanae
463 1516 593 1562 societatem
608 1521 675 1574 atque
692 1512 770 1559 amici-

95 1580 153 1627 tiam
167 1581 335 1642 praeoptandam
349 1595 406 1626 esse.
435 1580 460 1627 si
470 1581 536 1627 ambo
547 1579 651 1627 consules
662 1593 713 1624 cum
725 1578 772 1623 suis

96 1646 232 1693 exercitibus
242 1645 271 1692 ad
282 1644 366 1691 Nolam
377 1652 460 1698 essent,
477 1651 553 1691 tamen
566 1658 612 1689 non
624 1643 697 1705 magis
707 1657 772 1703 pares

97 1708 223 1761 Hannibali
233 1710 329 1765 futuros,
341 1710 447 1771 quemad
460 1707 552 1757 Cannas
562 1709 672 1765 fuissent3
689 1707 772 1753 nedum

95 1781 182 1837 praetor
197 1790 263 1829 unus,
280 1790 332 1821 cum
347 1775 423 1836 paucis
438 1781 462 1821 et
475 1774 541 1821 novis
555 1773 667 1826 militibus,
686 1771 771 1820 Nolam

96 1840 166 1887 tutari
182 1840 259 1902 possit.
286 1838 398 1902 Ipsorum,
416 1854 483 1901 quam
497 1838 638 1891 Hannibalis,
654 1837 770 1890 interesse,

98 2048 152 2095 puae
163 2032 313 2095 Nuceriaeque
324 2034 436 2081 fortunam
445 2035 570 2087 interesset,
584 2034 652 2095 ipsos,
668 2046 738 2093 prope
749 2031 774 2075 in
858 2081 863 2090 x

100 2099 175 2145 medio
184 2099 246 2153 sitos,
259 2098 362 2146 Nolanos
374 2100 437 2147 scire.
451 2098 521 2145 Nolle
528 2098 630 2150 ominari,
642 2111 693 2155 quae
702 2101 774 2155 captae
810 2112 814 2119 ·

100 2164 150 2211 urbi
161 2179 251 2211 cessura
261 2163 347 2211 forent:
368 2165 407 2212 sed
417 2165 493 2225 potius
507 2163 623 2224 smndere,
639 2160 659 2205 si
674 2159 774 2205 Marcel·

99 2230 147 2275 lum
164 2244 216 2275 cum
233 2230 336 2290 praesidio
353 2245 378 2276 ac
394 2228 478 2285 Nolam
494 2227 642 2277 tradidissent,
661 2224 773 2270 nemnem

100 2294 177 2346 alium,
195 2308 261 2353 quam
272 2295 340 2356 ipsos,
356 2295 437 2356 legem,
456 2289 537 2353 quiin
553 2291 681 2337 societatem
697 2288 774 2335 amici-

101 2360 200 2418 tiamque
212 2357 345 2408 Hannibalis
357 2360 465 2411 venirent,
478 2353 616 2403 dicturum·”

136 2422 231 2469 XLIV.
242 2423 280 2469 Ad
287 2438 313 2469 ea
320 2422 451 2470 Herennius
458 2421 545 2468 Bassus
552 2419 675 2482 respondit:
686 2415 775 2463 “Mul-

102 2497 139 2536 tos
150 2502 221 2535 annos
227 2488 276 2550 jam
286 2487 344 2535 inter
354 2488 485 2535 Romanum
498 2485 657 2545 Nolanumque
666 2483 773 2545 populum

103 2553 223 2601 stiricitiam
235 2567 291 2606 esse,
303 2555 366 2615 qu'us
378 2559 470 2599 neutros
480 2552 509 2599 ad
519 2566 569 2597 eam
579 2550 638 2597 diem
649 2548 759 2610 poenltere
765 2564 774 2606 ς

104 2626 128 2667 et
139 2618 178 2665 sibi
191 2619 209 2665 si
220 2632 272 2664 curn
282 2616 373 2665 fortuni
383 2617 490 2665 mutando
502 2616 557 2663 tides
570 2614 650 2668 furerat,
665 2628 716 2661 sero
726 2614 775 2675 jam
