1809 2950
187 176 217 224 r.
231 174 320 224 mvn
336 154 390 224 aa.
404 175 505 225 xxm
526 176 587 226 cn.
600 181 639 224 ss.
699 177 748 222 405

79 305 142 352 urbia
157 305 219 358 vidit,
237 320 280 352 nec
296 307 406 362 committi
420 306 538 368 quidqurnn
556 307 679 353 temerariae
693 305 748 366 spei,

79 371 110 416 ad
124 368 200 416 'Iifata
215 369 272 416 redit
286 369 369 417 insecti
379 386 411 417 re.
443 371 532 425 Quum
542 371 618 417 diebus
630 369 711 418 Cumae
721 369 750 413 Ii-

78 436 165 481 beratae
176 441 229 480 runt
240 435 360 488 obsidione,
372 436 450 482 dudem
459 436 536 482 dtebnr
546 442 570 481 et
579 435 603 481 in
614 433 713 481 Lucanis
721 433 751 478 ad

81 500 236 546 Grumentum
251 498 288 545 Τί.
303 500 454 561 Sempronius,
473 500 509 546 eui
525 499 608 561 Longo
622 512 749 561 cognomen

80 571 137 616 erat,
156 578 207 608 cum
219 562 334 610 Hannone
346 563 419 611 Poeno
429 579 536 626 proepere
549 571 642 626 pugnat.
679 563 751 624 Supra

81 629 128 674 duo
139 627 208 673 millia
218 628 315 674 hostiam
324 629 412 683 occidit,
429 637 453 676 et
463 629 572 675 ducentos
582 628 698 690 octoginta
707 627 751 671 mi-

80 694 134 739 lites
145 692 231 739 amisit:
251 692 316 754 rigna
325 694 428 742 militaria
438 694 466 740 ad
476 693 622 755 quadraginta
632 706 702 738 unum
713 705 751 736 ce·

80 757 124 819 pit.
152 756 234 803 Pulsus
244 756 325 804 finium
336 756 434 805 Lucania
446 757 533 804 Hanno
544 764 604 803 retro
615 758 639 803 in
646 756 750 807 Bruttios

81 837 133 868 sene
144 821 234 882 recepit
268 821 302 869 Et
313 836 341 868 ex
353 821 457 884 Hirpinis
468 823 547 885 oppida
557 823 606 876 trit,
624 837 676 882 quae
686 837 699 868 a
708 836 750 882 po-

16 903 21 912 ’
79 887 136 948 pulo
147 885 252 933 Romano
263 884 395 940 defecerant,
408 887 431 933 vi
439 895 530 949 recepta
538 903 579 950 per
586 887 623 934 M.
633 886 749 933 Valerium

80 957 210 1012 praetorem.
244 949 376 1004 vercellina,
395 951 534 1012 Siciiiuaque,
555 960 657 999 auctores
675 950 750 997 deiec-

80 1015 158 1068 tionis,
176 1015 247 1061 securi
264 1016 376 1076 percurri:
397 1031 464 1077 cupra
479 1017 541 1062 mille
556 1017 694 1077 captivorum
708 1015 750 1061 sub

81 1077 285 1127 hastdrememnt:
299 1077 374 1142 praedt
384 1079 428 1128 me
438 1081 503 1127 militi
513 1077 626 1134 concerni,
638 1079 749 1126 exercitur

82 1143 204 1191 Luceriam
215 1145 327 1192 reductus.

117 1208 268 1256 XXXVIII.
287 1209 352 1257 Dum
368 1212 417 1258 haec
431 1212 456 1258 in
467 1210 565 1259 Lucanis
580 1218 646 1271 atque
656 1210 680 1255 in
691 1208 748 1254 Hir-

80 1275 142 1338 pinis
155 1281 271 1336 gematur,
288 1276 386 1337 quinque
396 1291 472 1330 naver,
490 1291 542 1336 quae
552 1275 704 1322 Macedonum
715 1280 749 1333 at-

80 1354 127 1400 que
142 1338 266 1386 Poenorum
280 1347 357 1401 captos
371 1342 460 1403 legatos
473 1341 572 1387 Romam
582 1340 705 1402 portabant,
722 1338 750 1383 ab

83 1405 170 1464 Supero
185 1403 246 1450 Man'
257 1403 285 1450 ad
294 1402 394 1451 Inferum
405 1406 561 1452 circumvectae
576 1419 645 1466 prope
659 1416 757 1448 omnem·

82 1467 157 1515 Inttae
168 1484 237 1522 oram,
254 1484 305 1515 cum
316 1481 398 1531 praeter
409 1467 495 1519 Cumae
506 1470 561 1516 velia
574 1468 692 1520 ferrentur,
709 1482 750 1513 ne-

81 1549 133 1594 que,
143 1534 241 1580 hostium
249 1548 278 1580 an
286 1535 396 1581 rociomm
408 1542 491 1588 errent,
501 1534 555 1581 eatis
565 1534 665 1586 sciretur,
675 1532 750 1579 Grac·

82 1599 139 1645 chuc
154 1599 241 1645 obviam
256 1613 285 1645 ex
300 1599 371 1646 classe
386 1598 426 1646 eui
440 1614 510 1647 naver
524 1600 592 1645 misit
628 1596 687 1645 Cum
699 1612 750 1658 per-

81 1662 195 1710 contando
207 1662 303 1710 invicem
318 1665 433 1725 cognitum
451 1671 518 1717 earet,
536 1663 651 1710 consulem
669 1659 749 1709 cumis

82 1742 148 1784 eroe3
165 1742 233 1775 naver
245 1726 330 1776 Cumae
341 1729 446 1790 appuleae,
459 1729 586 1790 captivique
595 1728 623 1774 ad
633 1726 749 1773 consulem

82 1792 179 1845 deducti,
197 1799 220 1838 et
233 1793 304 1840 literae
315 1793 379 1839 datae.
416 1791 511 1847 Consul,
528 1793 598 1840 literis
608 1791 705 1853 Philippi
715 1797 749 1836 at

82 1872 128 1917 que
143 1856 277 1904 Hannibalis
290 1857 401 1919 perlectis,
418 1858 551 1920 couugmta
560 1858 636 1903 omnia
646 1856 674 1903 ad
684 1870 750 1902 rena

83 1930 133 1967 tum
150 1920 229 1967 itinere
247 1922 345 1968 terrestri
364 1922 437 1968 miaitz
458 1923 550 1969 narinus
567 1922 645 1969 devehi
661 1922 750 1983 legator

78 1983 156 2047 junait.
184 1981 244 2031 Cum
255 1985 333 2031 eodem
343 1985 390 2033 sere
400 1987 436 2033 die
447 1987 518 2035 literae
528 1988 640 2049 legatique
650 1986 749 2032 Romam

83 2047 205 2102 venissent,
222 2056 252 2103 et,
269 2052 435 2111 percontatione
446 2050 513 2105 facta,
530 2053 589 2099 dicta
599 2067 651 2097 cum
662 2049 750 2110 ron‘ptia

82 2120 241 2173 congruerent,
258 2114 329 2175 primo
343 2117 419 2177 gravia
429 2132 484 2164 cura
494 2117 574 2165 Patres
584 2114 682 2169 incessit,
700 2128 749 2159 cer-

82 2185 169 2230 nentes,
182 2186 265 2237 quanta
276 2178 314 2224 vix
324 2181 469 2228 tolerantibus
480 2181 591 2228 Punicum
601 2179 684 2225 bellum
696 2176 750 2222 Ma-

83 2241 183 2289 cedonici
202 2242 252 2289 beili
270 2243 341 2289 molen
357 2245 462 2293 instaret:
482 2246 518 2292 cui
537 2252 612 2290 tamen
630 2242 686 2289 adeo
702 2254 749 2286 non

83 2306 255 2361 succubuerunt,
268 2314 293 2353 ut
300 2311 411 2372 extemplo
422 2311 551 2373 agitaretur,
563 2305 749 2369 quemadmodum

83 2371 144 2416 ultro
162 2370 276 2417 inferendo
294 2373 353 2419 bello
372 2383 499 2421 averterent
518 2374 546 2420 ab
565 2370 630 2418 Italid
651 2372 746 2416 hortem.

84 2433 186 2496 Captivis
196 2436 219 2480 in
234 2436 324 2483 vincula
334 2439 398 2483 condi
405 2439 482 2500 jussio,
499 2437 661 2497 comitibnrque
670 2449 749 2481 eornm

83 2499 126 2545 sub
139 2498 202 2545 hasti
214 2500 317 2554 venditis,
334 2502 362 2547 ad
374 2516 442 2549 naver
457 2503 537 2565 viginti
547 2502 652 2562 quinque,
669 2499 750 2559 quibua

84 2561 112 2609 P.
125 2562 229 2610 Valerius
247 2563 341 2611 Fiaccnr
357 2565 476 2626 praefectur
491 2569 593 2629 praeeratt
612 2564 694 2626 viginti
709 2577 750 2623 pa·
776 2574 781 2581 ’

82 2636 142 2673 ratae
156 2627 210 2674 aliar
224 2628 353 2674 decernunt.
389 2629 435 2677 Hie
450 2631 583 2693 comparatio
597 2628 747 2688 amoenaque.

81 2698 106 2738 et
120 2690 199 2740 additia
212 2692 310 2755 quinque
320 2694 420 2750 nentur,
438 2712 489 2757 qure
499 2696 635 2744 advexerant
648 2692 748 2755 captivos
