1809 2950
176 179 226 238 2434
297 187 327 236 r.
338 187 426 236 mvn
443 188 495 234 nn
510 185 582 234 xxr.
601 186 661 237 cn.
678 163 715 233 1'2.

174 318 237 366 ‘calce
244 317 321 366 durata
329 326 399 371 erant,
409 319 447 364 sed
454 318 551 364 interlita
556 317 611 371 luto,
620 323 740 364 structurae
745 315 841 378 antiquae

176 399 266 446 genere
307 383 388 444 Itaque
407 385 480 436 latius,
503 399 569 442 quam
594 382 723 438 mederetur,
748 382 838 427 urebat:
887 381 888 440 ζ

175 464 259 511 perque
269 449 366 510 patentia
380 448 449 494 ruinis
464 448 553 508 agmina
569 453 703 492 armatorum
723 446 747 491 in
766 445 840 492 urbem
887 447 888 498 ζ

176 514 292 560 radebant.
335 512 422 558 Locum
444 527 533 572 quoque
552 511 635 557 editum
652 511 756 570 capiunt:
776 510 842 556 colla-

175 579 248 638 tisque
260 594 287 624 eo
302 578 417 638 catapultis
432 577 573 636 ballistisque,
591 582 616 620 ut
631 574 747 620 castellum
760 574 784 619 in
796 573 842 634 ipsa

174 644 229 689 urbe
239 643 300 690 velut
310 657 383 688 arcem
391 642 544 686 imminentem
552 641 662 690 haberent,
675 653 741 683 muro
749 638 842 683 circurn-

176 707 242 753 dant:
268 714 291 752 et
310 705 429 766 Saguntini
447 720 535 750 murum
554 703 681 748 interiorem
698 703 726 747 ab
744 702 840 747 nondum
887 709 888 736 l

175 770 239 832 capti
257 771 316 814 urbis
334 777 397 829 parte
415 769 506 814 ducunt
543 767 663 827 Utrimque
680 765 769 812 summit
784 767 805 811 vi
820 773 842 811 et
887 777 888 792 l

174 835 284 885 muniunt,
297 840 320 877 et
329 840 444 893 pugnant:
465 833 510 885 sed,
522 832 627 878 interiora
633 831 725 884 tuendo,
734 831 841 876 minorem
887 831 888 886 l

175 900 198 943 in
209 898 256 942 dies
264 898 340 942 urbem
350 897 566 957 Saguntinrfaciune
598 895 842 956 Simulcreseitinopia
887 893 888 920 l

175 962 275 1007 omnium
285 959 355 1022 longai
365 961 485 1014 obsidione,
499 969 521 1007 et
536 961 643 1005 minuitur
654 959 792 1020 exspectatio
803 975 840 1004 ex·

176 1034 246 1071 ternae
265 1026 328 1086 opis;
350 1041 401 1070 cum
418 1032 464 1071 tarn
482 1023 559 1086 procul
576 1024 680 1076 Romani,
692 1024 769 1084 xunica
785 1039 839 1084 spes,
887 1063 888 1084 ,

176 1092 235 1136 circa
252 1091 326 1136 omnia
336 1090 433 1134 hostium
444 1097 525 1134 essent
562 1087 677 1150 Paulisper
689 1095 766 1133 tamen
777 1087 842 1133 affee-

175 1162 211 1200 tos
222 1155 308 1200 animos
327 1155 433 1200 recreavit
451 1153 566 1214 repentina
583 1152 690 1214 profectio
709 1151 842 1197 Hannibalis

175 1219 199 1264 in
210 1219 322 1265 Oretanos
333 1217 530 1278 Carpetanosque:
550 1217 587 1276 qui
599 1217 642 1262 duo
650 1214 733 1277 populi,
744 1216 842 1262 delestis
887 1271 888 1282 ἵ

176 1284 293 1329 acerbitate
310 1283 451 1334 consternati,
476 1282 566 1327 retentis
586 1281 777 1340 conquisitoribus,
796 1295 843 1326 me·
887 1291 888 1340 t

175 1355 223 1394 tum
243 1347 371 1393 defectionis
388 1363 439 1392 cum
454 1346 605 1408 praebuissent,
622 1345 721 1406 oppressi
732 1345 843 1390 celeritate
887 1399 888 1402 Ἴ

177 1411 317 1464 Hannibalis,
330 1411 452 1457 omiserunt
460 1417 521 1456 mota
531 1425 598 1456 arma.
868 1457 873 1466 ,
887 1405 888 1448 f

208 1477 268 1523 XII.
288 1476 338 1523 Nec
350 1477 445 1538 Sagunti
460 1476 595 1537 oppugnatio
612 1476 701 1537 segnior
718 1480 773 1528 erat,
789 1474 843 1521 Ma·
887 1508 888 1533 3

175 1542 269 1594 barbale,
283 1541 418 1587 Himilconis
432 1541 484 1592 filio,
500 1541 562 1601 (eum
574 1539 703 1601 praefecerat
716 1536 841 1599 Hannibal)
887 1568 888 1589 ;

175 1606 206 1651 ita
220 1606 315 1667 impigre
330 1621 377 1651 rem
393 1612 481 1667 agente,
499 1611 524 1649 ut
540 1605 618 1650 ducem
635 1604 711 1649 abesse
730 1604 843 1649 nescires
887 1602 888 1627 ³

175 1684 218 1716 nec
231 1671 308 1716 hostes
326 1671 440 1715 sentirent.
477 1666 500 1715 Is
519 1681 541 1714 et
557 1668 635 1729 proelia
651 1668 735 1727 aliquot
747 1668 844 1714 secunda
887 1728 888 1731 Ἰ

174 1734 234 1786 fecit,
249 1741 272 1779 et
288 1735 358 1779 tribus
372 1735 475 1780 arietibus
486 1733 644 1793 aliquantulum
655 1733 715 1777 muri
725 1732 844 1789 discussit;
887 1758 888 1787 ;

176 1805 288 1857 atramque
298 1799 373 1843 omnia
386 1798 511 1844 recentibus
524 1798 593 1843 ruinis
609 1797 734 1843 advenienti
753 1796 844 1842 Hanni·
887 1804 888 1815 ¹

175 1862 218 1908 bali
233 1861 336 1907 ostendit.
371 1860 453 1922 Itaque
462 1863 490 1908 ad
500 1863 570 1924 ipsam
581 1877 653 1907 arcem
665 1861 779 1922 externplo
790 1861 844 1907 duc'-
887 1866 888 1875 ³

175 1932 213 1971 tus
234 1925 361 1982 exercitus3
386 1933 494 1987 atroxque
512 1927 614 1989 proelium
645 1941 695 1971 cum
720 1926 843 1971 multorum
887 1938 888 1961 ³

175 1990 286 2049 utrimque
296 1990 358 2035 caede
367 1990 454 2044 initum,
468 1999 491 2037 et
501 2006 551 2052 pars
562 1992 618 2037 arcis
630 1997 693 2051 capta
703 1996 745 2037 est.
782 1988 843 2036 Teu·
887 2000 888 2009 ¹

175 2060 222 2100 tata
232 2054 310 2100 deinde
323 2069 363 2115 per
379 2055 435 2101 duos
449 2064 484 2101 est
498 2056 580 2117 exigua
589 2056 649 2116 pacis
661 2069 719 2116 spes,
732 2055 842 2101 Alconem
887 2072 888 2081 ¹

176 2119 333 2180 Saguntinum,
346 2127 369 2164 et
380 2119 488 2166 Alorcum
504 2119 639 2181 Hispanum.
675 2118 759 2172 Alcon,
769 2119 844 2165 insciis

176 2183 312 2245 Saguntinis,
328 2184 428 2245 precibus
445 2184 527 2245 aliquid
543 2192 654 2229 moturum
672 2191 740 2237 ratus,
754 2198 806 2229 curn
817 2182 845 2228 ad

177 2244 326 2295 Hannibalem
338 2256 406 2295 noctu
413 2250 535 2302 transisset,
547 2257 664 2310 postquam
673 2248 729 2293 nihil
739 2248 845 2308 lacryma

174 2314 300 2366 movebant,
312 2314 493 2373 conditionesque
504 2314 585 2366 tristes,
599 2321 623 2359 ut
636 2314 662 2359 ab
677 2313 734 2358 irato
749 2313 843 2363 victore,

173 2375 305 2430 ferebantur,
316 2377 432 2439 transfuga
441 2378 471 2423 ex
481 2385 569 2423 oratore
585 2378 663 2429 factus,
674 2374 741 2437 'apud
756 2376 845 2422 hostem
887 2386 888 2407 ³

107 2501 112 2505 ι
175 2442 272 2498 mansit;
288 2442 420 2487 moriturum
431 2442 550 2494 affirmans,
566 2442 604 2501 qui
622 2443 670 2487 sub*
680 2440 844 2486 conditionibus

174 2504 209 2548 bis
226 2504 254 2550 de
269 2520 324 2565 pace
342 2514 425 2567 ageret
462 2505 619 2551 Postulabatur
630 2512 711 2557 autem,
726 2504 844 2550 redderent

175 2566 355 2614 res'Turdetanis
361 2586 369 2625 ;
386 2569 510 2627 traditoque
523 2568 584 2613 omni
595 2584 649 2613 auro
660 2575 727 2627 atque
738 2576 840 2629 argento,

174 2630 258 2686 egressi
269 2632 323 2676 urbe
333 2648 383 2677 cum
396 2633 489 2693 singulis
503 2632 641 2677 vestimentis
660 2632 690 2677 rbi
709 2632 840 2681 habitarent,

175 2690 211 2734 ubi
223 2690 309 2738 Poenus
314 2696 425 2755 jussisset.
462 2694 513 2741 Has
528 2697 588 2757 pacis
603 2696 666 2759 leges
677 2696 792 2743 abnuente
800 2694 842 2741 Al·
