<?xml version="1.0" encoding="UTF-8"?>
<!DOCTYPE html PUBLIC "-//W3C//DTD XHTML 1.0 Transitional//EN"
    "http://www.w3.org/TR/xhtml1/DTD/xhtml1-transitional.dtd">
<html xmlns="http://www.w3.org/1999/xhtml" xml:lang="en" lang="en">
 <head>
  <title>
</title>
<meta http-equiv="Content-Type" content="text/html;charset=utf-8" />
  <meta name='ocr-system' content='tesseract 3.04.00' />
  <meta name='ocr-capabilities' content='ocr_page ocr_carea ocr_par ocr_line ocrx_word'/>
</head>
<body>
  <div class='ocr_page' id='page_1' title='image "./tliviipatavinih02caregoog_0103.png"; bbox 0 0 1809 2950; ppageno 0'>
   <div class='ocr_carea' id='block_1_1' title="bbox 133 48 672 124">
    <p class='ocr_par' dir='ltr' id='par_1_1' title="bbox 133 48 672 124">
     <span class='ocr_line' id='line_1_1' title="bbox 133 48 672 124; baseline -0.013 -1"><span class='ocrx_word' id='word_1_1' title='bbox 133 58 166 124; x_wconf 80' lang='lat' dir='ltr'>&#39;ss</span> <span class='ocrx_word' id='word_1_2' title='bbox 236 75 240 86; x_wconf 44' lang='lat'>‘¹</span> <span class='ocrx_word' id='word_1_3' title='bbox 256 71 287 120; x_wconf 79' lang='grc' dir='ltr'>τ.</span> <span class='ocrx_word' id='word_1_4' title='bbox 301 70 389 120; x_wconf 79' lang='lat' dir='ltr'>mvn</span> <span class='ocrx_word' id='word_1_5' title='bbox 406 48 543 119; x_wconf 67' lang='lat' dir='ltr'>rmum.</span> <span class='ocrx_word' id='word_1_6' title='bbox 562 67 672 120; x_wconf 69' lang='lat' dir='ltr'>cusu.</span> 
     </span>
    </p>
   </div>
   <div class='ocr_carea' id='block_1_2' title="bbox 135 195 802 340">
    <p class='ocr_par' dir='ltr' id='par_1_2' title="bbox 135 195 802 340">
     <span class='ocr_line' id='line_1_2' title="bbox 135 195 802 266; baseline -0.006 -16"><span class='ocrx_word' id='word_1_7' title='bbox 135 199 207 266; x_wconf 76' lang='lat' dir='ltr'>gistro</span> <span class='ocrx_word' id='word_1_8' title='bbox 225 203 325 264; x_wconf 78' lang='lat' dir='ltr'>equitum</span> <span class='ocrx_word' id='word_1_9' title='bbox 343 195 425 248; x_wconf 76' lang='lat' dir='ltr'>victam</span> <span class='ocrx_word' id='word_1_10' title='bbox 444 209 468 248; x_wconf 81' lang='lat' dir='ltr'>et</span> <span class='ocrx_word' id='word_1_11' title='bbox 485 215 587 248; x_wconf 78' lang='lat' dir='ltr'>eversam</span> <span class='ocrx_word' id='word_1_12' title='bbox 605 199 714 253; x_wconf 71' lang='lat' dir='ltr'>dedum,</span> <span class='ocrx_word' id='word_1_13' title='bbox 733 195 802 247; x_wconf 72' lang='lat' dir='ltr'>situi</span> 
     </span>
     <span class='ocr_line' id='line_1_3' title="bbox 135 262 802 340; baseline -0.006 -26"><span class='ocrx_word' id='word_1_14' title='bbox 135 271 226 331; x_wconf 88' lang='lat' dir='ltr'>impune</span> <span class='ocrx_word' id='word_1_15' title='bbox 245 275 344 330; x_wconf 87' lang='lat' dir='ltr'>spretum</span> <span class='ocrx_word' id='word_1_16' title='bbox 362 267 480 328; x_wconf 79' lang='lat' dir='ltr'><strong>imperinm</strong></span> <span class='ocrx_word' id='word_1_17' title='bbox 498 266 602 312; x_wconf 74' lang='lat' dir='ltr'>fuisset&#39;</span> <span class='ocrx_word' id='word_1_18' title='bbox 624 262 704 326; x_wconf 76' lang='lat' dir='ltr'>Iusque</span> <span class='ocrx_word' id='word_1_19' title='bbox 722 262 802 340; x_wconf 78' lang='lat' dir='ltr'>plenus</span> 
     </span>
    </p>
   </div>
   <div class='ocr_carea' id='block_1_3' title="bbox 103 329 812 1882">
    <p class='ocr_par' dir='ltr' id='par_1_3' title="bbox 135 329 803 654">
     <span class='ocr_line' id='line_1_4' title="bbox 136 329 802 394; baseline -0.006 -15"><span class='ocrx_word' id='word_1_20' title='bbox 136 334 246 379; x_wconf 82' lang='lat' dir='ltr'>minarum</span> <span class='ocrx_word' id='word_1_21' title='bbox 262 335 362 394; x_wconf 73' lang='lat' dir='ltr'>iraeque,¹</span> <span class='ocrx_word' id='word_1_22' title='bbox 371 331 484 393; x_wconf 88' lang='lat' dir='ltr'>proiectus</span> <span class='ocrx_word' id='word_1_23' title='bbox 500 332 522 376; x_wconf 92' lang='lat' dir='ltr'>in</span> <span class='ocrx_word' id='word_1_24' title='bbox 537 338 616 383; x_wconf 72' lang='lat' dir='ltr'>cestro,</span> <span class='ocrx_word' id='word_1_25' title='bbox 630 345 682 375; x_wconf 87' lang='lat' dir='ltr'>eum</span> <span class='ocrx_word' id='word_1_26' title='bbox 698 329 802 376; x_wconf 78' lang='lat' dir='ltr'>maximus</span> 
     </span>
     <span class='ocr_line' id='line_1_5' title="bbox 135 394 803 457; baseline -0.007 -13"><span class='ocrx_word' id='word_1_27' title='bbox 135 399 250 444; x_wconf 75' lang='lat' dir='ltr'>itineribus</span> <span class='ocrx_word' id='word_1_28' title='bbox 262 399 323 451; x_wconf 84' lang='lat' dir='ltr'>isset,</span> <span class='ocrx_word' id='word_1_29' title='bbox 336 412 381 442; x_wconf 93' lang='lat' dir='ltr'>non</span> <span class='ocrx_word' id='word_1_30' title='bbox 395 405 469 442; x_wconf 80' lang='lat' dir='ltr'>tumen</span> <span class='ocrx_word' id='word_1_31' title='bbox 484 395 607 457; x_wconf 80' lang='lat' dir='ltr'>praevenire</span> <span class='ocrx_word' id='word_1_32' title='bbox 621 394 803 440; x_wconf 79' lang='lat' dir='ltr'>fsmsm&#39;udven-</span> 
     </span>
     <span class='ocr_line' id='line_1_6' title="bbox 136 458 802 524; baseline -0.011 -15"><span class='ocrx_word' id='word_1_33' title='bbox 136 464 174 510; x_wconf 85' lang='lat' dir='ltr'>ms</span> <span class='ocrx_word' id='word_1_34' title='bbox 186 464 220 509; x_wconf 90' lang='lat' dir='ltr'>sui</span> <span class='ocrx_word' id='word_1_35' title='bbox 234 463 313 524; x_wconf 83' lang='lat' dir='ltr'>potuit</span> <span class='ocrx_word' id='word_1_36' title='bbox 349 460 546 508; x_wconf 81' lang='lat' dir='ltr'>Praecucnrrerunt</span> <span class='ocrx_word' id='word_1_37' title='bbox 561 460 621 505; x_wconf 89' lang='lat' dir='ltr'>enim</span> <span class='ocrx_word' id='word_1_38' title='bbox 635 461 662 505; x_wconf 82' lang='lat' dir='ltr'>ub</span> <span class='ocrx_word' id='word_1_39' title='bbox 675 458 746 511; x_wconf 84' lang='lat' dir='ltr'>Urbe,</span> <span class='ocrx_word' id='word_1_40' title='bbox 764 458 802 518; x_wconf 87' lang='lat' dir='ltr'>qul</span> 
     </span>
     <span class='ocr_line' id='line_1_7' title="bbox 136 523 803 586; baseline -0.007 -12"><span class='ocrx_word' id='word_1_41' title='bbox 136 529 272 580; x_wconf 79' lang='lat' dir='ltr'>nuntiarent,</span> <span class='ocrx_word' id='word_1_42' title='bbox 284 527 413 573; x_wconf 83' lang='lat' dir='ltr'>dictatorem</span> <span class='ocrx_word' id='word_1_43' title='bbox 426 525 516 572; x_wconf 80' lang='lat' dir='ltr'>uvidum</span> <span class='ocrx_word' id='word_1_44' title='bbox 527 538 603 586; x_wconf 84' lang='lat' dir='ltr'>poenae</span> <span class='ocrx_word' id='word_1_45' title='bbox 614 524 697 577; x_wconf 81' lang='lat' dir='ltr'>venire,</span> <span class='ocrx_word' id='word_1_46' title='bbox 711 523 803 570; x_wconf 83' lang='lat' dir='ltr'>siternis</span> 
     </span>
     <span class='ocr_line' id='line_1_8' title="bbox 137 589 656 654; baseline -0.01 -15"><span class='ocrx_word' id='word_1_47' title='bbox 137 607 203 654; x_wconf 86' lang='lat' dir='ltr'>paene</span> <span class='ocrx_word' id='word_1_48' title='bbox 213 592 285 639; x_wconf 85' lang='lat' dir='ltr'>verbis</span> <span class='ocrx_word' id='word_1_49' title='bbox 296 590 325 636; x_wconf 89' lang='lat' dir='ltr'>T.</span> <span class='ocrx_word' id='word_1_50' title='bbox 338 591 419 636; x_wconf 76' lang='lat' dir='ltr'>Manlii</span> <span class='ocrx_word' id='word_1_51' title='bbox 428 590 513 636; x_wconf 80' lang='lat' dir='ltr'>iactum</span> <span class='ocrx_word' id='word_1_52' title='bbox 522 589 656 635; x_wconf 71' lang='lat' dir='ltr'>laudantem.</span> 
     </span>
    </p>

    <p class='ocr_par' dir='ltr' id='par_1_4' title="bbox 103 649 812 1882">
     <span class='ocr_line' id='line_1_9' title="bbox 171 649 804 715; baseline -0.005 -13"><span class='ocrx_word' id='word_1_53' title='bbox 171 654 270 702; x_wconf 89' lang='lat' dir='ltr'>XXXI.</span> <span class='ocrx_word' id='word_1_54' title='bbox 289 654 379 708; x_wconf 74' lang='lat' dir='ltr'>Fabius,</span> <span class='ocrx_word' id='word_1_55' title='bbox 393 655 501 701; x_wconf 88' lang='lat' dir='ltr'>concione</span> <span class='ocrx_word' id='word_1_56' title='bbox 512 653 625 715; x_wconf 85' lang='lat' dir='ltr'>extemplo</span> <span class='ocrx_word' id='word_1_57' title='bbox 636 649 750 706; x_wconf 70' lang='lat' dir='ltr'>advocati,</span> <span class='ocrx_word' id='word_1_58' title='bbox 762 653 804 699; x_wconf 90' lang='lat' dir='ltr'>ob-</span> 
     </span>
     <span class='ocr_line' id='line_1_10' title="bbox 139 716 803 779; baseline -0.008 -11"><span class='ocrx_word' id='word_1_59' title='bbox 139 727 233 768; x_wconf 80' lang='lat' dir='ltr'>testatus</span> <span class='ocrx_word' id='word_1_60' title='bbox 247 719 329 765; x_wconf 86' lang='lat' dir='ltr'>milites</span> <span class='ocrx_word' id='word_1_61' title='bbox 345 726 387 772; x_wconf 91' lang='lat' dir='ltr'>est,</span> <span class='ocrx_word' id='word_1_62' title='bbox 408 727 439 772; x_wconf 93' lang='lat' dir='ltr'>ut,</span> <span class='ocrx_word' id='word_1_63' title='bbox 459 726 475 747; x_wconf 79' lang='lat'>‘⁴</span> <span class='ocrx_word' id='word_1_64' title='bbox 485 716 530 778; x_wconf 73' lang='lat' dir='ltr'>qud</span> <span class='ocrx_word' id='word_1_65' title='bbox 548 719 631 764; x_wconf 82' lang='lat' dir='ltr'>virtute</span> <span class='ocrx_word' id='word_1_66' title='bbox 647 717 803 779; x_wconf 74' lang='lat' dir='ltr'>rempubliosm</span> 
     </span>
     <span class='ocr_line' id='line_1_11' title="bbox 138 780 805 846; baseline -0.004 -14"><span class='ocrx_word' id='word_1_67' title='bbox 138 787 166 832; x_wconf 85' lang='lat' dir='ltr'>ub</span> <span class='ocrx_word' id='word_1_68' title='bbox 176 784 324 830; x_wconf 82' lang='lat' dir='ltr'>infestissimis</span> <span class='ocrx_word' id='word_1_69' title='bbox 335 784 435 830; x_wconf 84' lang='lat' dir='ltr'>hostibus</span> <span class='ocrx_word' id='word_1_70' title='bbox 445 782 602 836; x_wconf 76' lang='lat' dir='ltr'>defendissent,</span> <span class='ocrx_word' id='word_1_71' title='bbox 614 780 692 829; x_wconf 68' lang='lat' dir='ltr'>eidem</span> <span class='ocrx_word' id='word_1_72' title='bbox 700 798 733 836; x_wconf 86' lang='lat' dir='ltr'>se,</span> <span class='ocrx_word' id='word_1_73' title='bbox 741 782 805 846; x_wconf 79' lang='lat' dir='ltr'>cujus</span> 
     </span>
     <span class='ocr_line' id='line_1_12' title="bbox 103 847 807 909; baseline -0.003 -13"><span class='ocrx_word' id='word_1_74' title='bbox 103 901 106 904; x_wconf 53' lang='grc'><strong>,</strong></span> <span class='ocrx_word' id='word_1_75' title='bbox 138 851 205 896; x_wconf 90' lang='lat' dir='ltr'>ductu</span> <span class='ocrx_word' id='word_1_76' title='bbox 222 848 363 909; x_wconf 82' lang='lat' dir='ltr'>auspicioque</span> <span class='ocrx_word' id='word_1_77' title='bbox 378 849 491 900; x_wconf 87' lang='lat' dir='ltr'>vicissent,</span> <span class='ocrx_word' id='word_1_78' title='bbox 507 848 535 893; x_wconf 81' lang='lat' dir='ltr'>ab</span> <span class='ocrx_word' id='word_1_79' title='bbox 544 847 660 908; x_wconf 87' lang='lat' dir='ltr'>impotenti</span> <span class='ocrx_word' id='word_1_80' title='bbox 675 847 807 894; x_wconf 66' lang='lat' dir='ltr'>crudelium</span> 
     </span>
     <span class='ocr_line' id='line_1_13' title="bbox 138 910 807 966; baseline -0.003 -5"><span class='ocrx_word' id='word_1_81' title='bbox 138 913 251 961; x_wconf 78' lang='lat' dir='ltr'>dictatoris</span> <span class='ocrx_word' id='word_1_82' title='bbox 267 919 398 958; x_wconf 83' lang='lat' dir='ltr'>tutarentur.</span> <span class='ocrx_word' id='word_1_83' title='bbox 411 921 414 928; x_wconf 91' lang='grc'><strong>“</strong></span> <span class='ocrx_word' id='word_1_84' title='bbox 434 911 520 958; x_wconf 85' lang='lat' dir='ltr'>Venire</span> <span class='ocrx_word' id='word_1_85' title='bbox 535 919 646 958; x_wconf 81' lang='lat' dir='ltr'>amentem</span> <span class='ocrx_word' id='word_1_86' title='bbox 660 910 749 966; x_wconf 77' lang='lat' dir='ltr'>insidii,</span> <span class='ocrx_word' id='word_1_87' title='bbox 761 912 807 959; x_wconf 80' lang='lat' dir='ltr'>lm·</span> 
     </span>
     <span class='ocr_line' id='line_1_14' title="bbox 138 975 806 1037; baseline -0.001 -13"><span class='ocrx_word' id='word_1_88' title='bbox 138 987 188 1026; x_wconf 92' lang='lat' dir='ltr'>tum</span> <span class='ocrx_word' id='word_1_89' title='bbox 198 977 275 1022; x_wconf 85' lang='lat' dir='ltr'>virtuti</span> <span class='ocrx_word' id='word_1_90' title='bbox 283 977 361 1023; x_wconf 77' lang='lat' dir='ltr'>aiienae</span> <span class='ocrx_word' id='word_1_91' title='bbox 371 976 529 1036; x_wconf 79' lang='lat' dir='ltr'>felicitstique3</span> <span class='ocrx_word' id='word_1_92' title='bbox 545 975 626 1030; x_wconf 85' lang='lat' dir='ltr'>furere,</span> <span class='ocrx_word' id='word_1_93' title='bbox 638 977 705 1037; x_wconf 79' lang='lat' dir='ltr'>qnod,</span> <span class='ocrx_word' id='word_1_94' title='bbox 722 992 747 1023; x_wconf 88' lang='lat' dir='ltr'>se</span> <span class='ocrx_word' id='word_1_95' title='bbox 754 978 806 1023; x_wconf 83' lang='lat' dir='ltr'>abs·</span> 
     </span>
     <span class='ocr_line' id='line_1_15' title="bbox 139 1041 807 1103; baseline -0.001 -14"><span class='ocrx_word' id='word_1_96' title='bbox 139 1049 198 1095; x_wconf 89' lang='lat' dir='ltr'>ente,</span> <span class='ocrx_word' id='word_1_97' title='bbox 212 1056 248 1087; x_wconf 85' lang='lat' dir='ltr'>res</span> <span class='ocrx_word' id='word_1_98' title='bbox 260 1041 346 1103; x_wconf 80' lang='lat' dir='ltr'>publicu</span> <span class='ocrx_word' id='word_1_99' title='bbox 360 1041 451 1103; x_wconf 80' lang='lat' dir='ltr'>egregie</span> <span class='ocrx_word' id='word_1_100' title='bbox 465 1050 531 1103; x_wconf 74' lang='lat' dir='ltr'>geste</span> <span class='ocrx_word' id='word_1_101' title='bbox 543 1049 616 1088; x_wconf 83' lang='lat' dir='ltr'>esset&#39;:</span> <span class='ocrx_word' id='word_1_102' title='bbox 635 1042 707 1094; x_wconf 75' lang='lat' dir='ltr'>molle,</span> <span class='ocrx_word' id='word_1_103' title='bbox 725 1042 807 1088; x_wconf 85' lang='lat' dir='ltr'>simu-</span> 
     </span>
     <span class='ocr_line' id='line_1_16' title="bbox 139 1105 806 1168; baseline 0 -15"><span class='ocrx_word' id='word_1_104' title='bbox 139 1115 187 1154; x_wconf 85' lang='lat' dir='ltr'>tsre</span> <span class='ocrx_word' id='word_1_105' title='bbox 193 1106 307 1152; x_wconf 78' lang='lat' dir='ltr'>fortunam</span> <span class='ocrx_word' id='word_1_106' title='bbox 315 1113 398 1168; x_wconf 89' lang='lat' dir='ltr'>posset,</span> <span class='ocrx_word' id='word_1_107' title='bbox 407 1106 466 1167; x_wconf 83' lang='lat' dir='ltr'>apud</span> <span class='ocrx_word' id='word_1_108' title='bbox 474 1106 593 1159; x_wconf 76' lang='lat' dir='ltr'>Samnites,</span> <span class='ocrx_word' id='word_1_109' title='bbox 599 1105 672 1166; x_wconf 81' lang='lat' dir='ltr'>&#39;quum</span> <span class='ocrx_word' id='word_1_110' title='bbox 680 1106 806 1160; x_wconf 71' lang='lat' dir='ltr'>Romms,</span> 
     </span>
     <span class='ocr_line' id='line_1_17' title="bbox 140 1169 808 1232; baseline -0.001 -13"><span class='ocrx_word' id='word_1_111' title='bbox 140 1171 256 1219; x_wconf 79' lang='lat' dir='ltr'>victoriam</span> <span class='ocrx_word' id='word_1_112' title='bbox 272 1185 328 1216; x_wconf 88' lang='lat' dir='ltr'>esse.</span> <span class='ocrx_word' id='word_1_113' title='bbox 363 1169 486 1231; x_wconf 86' lang='lat' dir='ltr'>Imperium</span> <span class='ocrx_word' id='word_1_114' title='bbox 505 1171 606 1217; x_wconf 70' lang='lat' dir='ltr'>dictitare</span> <span class='ocrx_word' id='word_1_115' title='bbox 624 1179 730 1232; x_wconf 89' lang='lat' dir='ltr'>spretum,</span> <span class='ocrx_word' id='word_1_116' title='bbox 748 1178 808 1218; x_wconf 73' lang='lat' dir='ltr'>tunt-</span> 
     </span>
     <span class='ocr_line' id='line_1_18' title="bbox 140 1233 807 1298; baseline -0.001 -15"><span class='ocrx_word' id='word_1_117' title='bbox 140 1251 206 1298; x_wconf 86' lang='lat' dir='ltr'>qusm</span> <span class='ocrx_word' id='word_1_118' title='bbox 217 1249 263 1280; x_wconf 90' lang='lat' dir='ltr'>non</span> <span class='ocrx_word' id='word_1_119' title='bbox 274 1233 351 1282; x_wconf 82' lang='lat' dir='ltr'>eisdem</span> <span class='ocrx_word' id='word_1_120' title='bbox 362 1242 437 1281; x_wconf 91' lang='lat' dir='ltr'>mente</span> <span class='ocrx_word' id='word_1_121' title='bbox 447 1235 543 1296; x_wconf 77' lang='lat' dir='ltr'>pugnari</span> <span class='ocrx_word' id='word_1_122' title='bbox 553 1236 655 1288; x_wconf 85' lang='lat' dir='ltr'>vetuerit,</span> <span class='ocrx_word' id='word_1_123' title='bbox 667 1233 711 1296; x_wconf 75' lang='lat' dir='ltr'>qui</span> <span class='ocrx_word' id='word_1_124' title='bbox 718 1245 807 1298; x_wconf 76' lang='lat' dir='ltr'>pugna·</span> 
     </span>
     <span class='ocr_line' id='line_1_19' title="bbox 142 1297 809 1361; baseline 0 -14"><span class='ocrx_word' id='word_1_125' title='bbox 142 1308 190 1347; x_wconf 88' lang='lat' dir='ltr'>tum</span> <span class='ocrx_word' id='word_1_126' title='bbox 207 1301 294 1346; x_wconf 82' lang='lat' dir='ltr'>dolent:</span> <span class='ocrx_word' id='word_1_127' title='bbox 314 1307 404 1356; x_wconf 73' lang='lat' dir='ltr'>ettunc</span> <span class='ocrx_word' id='word_1_128' title='bbox 418 1297 502 1346; x_wconf 73' lang='lat' dir='ltr'>invidiis</span> <span class='ocrx_word' id='word_1_129' title='bbox 516 1299 623 1361; x_wconf 86' lang='lat' dir='ltr'>impedire</span> <span class='ocrx_word' id='word_1_130' title='bbox 637 1300 742 1346; x_wconf 81' lang='lat' dir='ltr'>virtutem</span> <span class='ocrx_word' id='word_1_131' title='bbox 753 1301 809 1347; x_wconf 81' lang='lat' dir='ltr'>ulio-</span> 
     </span>
     <span class='ocr_line' id='line_1_20' title="bbox 142 1362 810 1426; baseline 0 -14"><span class='ocrx_word' id='word_1_132' title='bbox 142 1362 195 1413; x_wconf 85' lang='lat' dir='ltr'>nsm</span> <span class='ocrx_word' id='word_1_133' title='bbox 206 1365 310 1418; x_wconf 79' lang='lat' dir='ltr'>voluisse,</span> <span class='ocrx_word' id='word_1_134' title='bbox 328 1364 519 1426; x_wconf 84' lang='lat' dir='ltr'>cupidissimisque</span> <span class='ocrx_word' id='word_1_135' title='bbox 528 1379 591 1411; x_wconf 80' lang='lat' dir='ltr'>arms</span> <span class='ocrx_word' id='word_1_136' title='bbox 600 1365 724 1411; x_wconf 79' lang='lat' dir='ltr'>abluturum</span> <span class='ocrx_word' id='word_1_137' title='bbox 737 1364 810 1412; x_wconf 79' lang='lat' dir='ltr'>fuisse</span> 
     </span>
     <span class='ocr_line' id='line_1_21' title="bbox 143 1429 811 1491; baseline -0.001 -13"><span class='ocrx_word' id='word_1_138' title='bbox 143 1431 255 1484; x_wconf 85' lang='lat' dir='ltr'>militibus,</span> <span class='ocrx_word' id='word_1_139' title='bbox 269 1445 304 1485; x_wconf 86' lang='lat' dir='ltr'>ne,</span> <span class='ocrx_word' id='word_1_140' title='bbox 319 1445 343 1477; x_wconf 89' lang='lat' dir='ltr'>se</span> <span class='ocrx_word' id='word_1_141' title='bbox 351 1431 449 1485; x_wconf 78' lang='lat' dir='ltr'>absente,</span> <span class='ocrx_word' id='word_1_142' title='bbox 459 1429 545 1476; x_wconf 80' lang='lat' dir='ltr'>moveri</span> <span class='ocrx_word' id='word_1_143' title='bbox 556 1436 662 1491; x_wconf 86' lang='lat' dir='ltr'>possent:</span> <span class='ocrx_word' id='word_1_144' title='bbox 681 1437 705 1477; x_wconf 90' lang='lat' dir='ltr'>et</span> <span class='ocrx_word' id='word_1_145' title='bbox 714 1429 811 1477; x_wconf 81' lang='lat' dir='ltr'>nuncid</span> 
     </span>
     <span class='ocr_line' id='line_1_22' title="bbox 141 1494 810 1559; baseline -0.004 -16"><span class='ocrx_word' id='word_1_146' title='bbox 141 1496 222 1550; x_wconf 81' lang='lat' dir='ltr'>furere,</span> <span class='ocrx_word' id='word_1_147' title='bbox 235 1496 258 1542; x_wconf 94' lang='lat' dir='ltr'>id</span> <span class='ocrx_word' id='word_1_148' title='bbox 272 1512 334 1559; x_wconf 74' lang='lat' dir='ltr'>tegre</span> <span class='ocrx_word' id='word_1_149' title='bbox 347 1497 399 1558; x_wconf 87' lang='lat' dir='ltr'>psti,</span> <span class='ocrx_word' id='word_1_150' title='bbox 415 1496 482 1557; x_wconf 86' lang='lat' dir='ltr'>quod,</span> <span class='ocrx_word' id='word_1_151' title='bbox 500 1495 548 1541; x_wconf 87' lang='lat' dir='ltr'>sine</span> <span class='ocrx_word' id='word_1_152' title='bbox 562 1494 591 1541; x_wconf 82' lang='lat' dir='ltr'>L.</span> <span class='ocrx_word' id='word_1_153' title='bbox 602 1494 699 1556; x_wconf 77' lang='lat' dir='ltr'>Papirio,</span> <span class='ocrx_word' id='word_1_154' title='bbox 717 1494 810 1541; x_wconf 79' lang='lat' dir='ltr'>nonin-</span> 
     </span>
     <span class='ocr_line' id='line_1_23' title="bbox 143 1558 810 1620; baseline -0.003 -12"><span class='ocrx_word' id='word_1_155' title='bbox 143 1576 222 1614; x_wconf 84' lang='lat' dir='ltr'>ermes,</span> <span class='ocrx_word' id='word_1_156' title='bbox 237 1576 283 1607; x_wconf 90' lang='lat' dir='ltr'>non</span> <span class='ocrx_word' id='word_1_157' title='bbox 294 1562 366 1607; x_wconf 78' lang='lat' dir='ltr'>manci</span> <span class='ocrx_word' id='word_1_158' title='bbox 375 1561 457 1607; x_wconf 85' lang='lat' dir='ltr'>milites</span> <span class='ocrx_word' id='word_1_159' title='bbox 466 1560 563 1617; x_wconf 82' lang='lat' dir='ltr'>suerint3</span> <span class='ocrx_word' id='word_1_160' title='bbox 575 1559 635 1620; x_wconf 89' lang='lat' dir='ltr'>quod</span> <span class='ocrx_word' id='word_1_161' title='bbox 646 1575 670 1606; x_wconf 88' lang='lat' dir='ltr'>se</span> <span class='ocrx_word' id='word_1_162' title='bbox 682 1559 714 1615; x_wconf 83' lang='lat' dir='ltr'>Q.</span> <span class='ocrx_word' id='word_1_163' title='bbox 725 1558 810 1606; x_wconf 79' lang='lat' dir='ltr'>Fabius</span> 
     </span>
     <span class='ocr_line' id='line_1_24' title="bbox 143 1624 810 1687; baseline -0.001 -16"><span class='ocrx_word' id='word_1_164' title='bbox 143 1626 275 1687; x_wconf 72' lang='lat' dir='ltr'>magistrum</span> <span class='ocrx_word' id='word_1_165' title='bbox 286 1626 385 1685; x_wconf 88' lang='lat' dir='ltr'>equitum</span> <span class='ocrx_word' id='word_1_166' title='bbox 399 1626 495 1678; x_wconf 79' lang='lat' dir='ltr'>duxerit,</span> <span class='ocrx_word' id='word_1_167' title='bbox 511 1639 538 1670; x_wconf 87' lang='lat' dir='ltr'>uo</span> <span class='ocrx_word' id='word_1_168' title='bbox 553 1638 598 1671; x_wconf 90' lang='lat' dir='ltr'>non</span> <span class='ocrx_word' id='word_1_169' title='bbox 609 1639 728 1671; x_wconf 74' lang='lat' dir='ltr'>accensum</span> <span class='ocrx_word' id='word_1_170' title='bbox 738 1624 810 1671; x_wconf 59' lang='lat' dir='ltr'>dictu</span> 
     </span>
     <span class='ocr_line' id='line_1_25' title="bbox 142 1687 810 1750; baseline -0.001 -14"><span class='ocrx_word' id='word_1_171' title='bbox 142 1690 205 1736; x_wconf 85' lang='lat' dir='ltr'>toris.</span> <span class='ocrx_word' id='word_1_172' title='bbox 247 1688 309 1741; x_wconf 80' lang='lat' dir='ltr'>Quid</span> <span class='ocrx_word' id='word_1_173' title='bbox 327 1688 390 1734; x_wconf 91' lang='lat' dir='ltr'>illum</span> <span class='ocrx_word' id='word_1_174' title='bbox 407 1687 520 1735; x_wconf 79' lang='lat' dir='ltr'>lucturum</span> <span class='ocrx_word' id='word_1_175' title='bbox 538 1688 614 1742; x_wconf 66' lang='lat' dir='ltr'>subse,</span> <span class='ocrx_word' id='word_1_176' title='bbox 635 1688 661 1741; x_wconf 91' lang='lat' dir='ltr'>si,</span> <span class='ocrx_word' id='word_1_177' title='bbox 681 1690 742 1750; x_wconf 89' lang='lat' dir='ltr'>quod</span> <span class='ocrx_word' id='word_1_178' title='bbox 757 1689 810 1737; x_wconf 87' lang='lat' dir='ltr'>belii</span> 
     </span>
     <span class='ocr_line' id='line_1_26' title="bbox 143 1750 709 1812; baseline 0 -13"><span class='ocrx_word' id='word_1_179' title='bbox 143 1768 207 1799; x_wconf 86' lang='lat' dir='ltr'>ossus</span> <span class='ocrx_word' id='word_1_180' title='bbox 228 1750 310 1805; x_wconf 84' lang='lat' dir='ltr'>ierunt,</span> <span class='ocrx_word' id='word_1_181' title='bbox 331 1752 440 1812; x_wconf 76' lang='lat' dir='ltr'>Marsque</span> <span class='ocrx_word' id='word_1_182' title='bbox 459 1754 592 1806; x_wconf 89' lang='lat' dir='ltr'>communis,</span> <span class='ocrx_word' id='word_1_183' title='bbox 616 1753 709 1799; x_wconf 77' lang='lat' dir='ltr'>adversa</span> 
     </span>
     <span class='ocr_line' id='line_1_27' title="bbox 143 1812 812 1882; baseline 0.004 -19"><span class='ocrx_word' id='word_1_184' title='bbox 143 1816 254 1866; x_wconf 80' lang='lat' dir='ltr'>evmisset</span> <span class='ocrx_word' id='word_1_185' title='bbox 261 1833 269 1873; x_wconf 77' lang='lat'>3</span> <span class='ocrx_word' id='word_1_186' title='bbox 287 1817 324 1876; x_wconf 88' lang='lat' dir='ltr'>qui</span> <span class='ocrx_word' id='word_1_187' title='bbox 335 1817 383 1869; x_wconf 91' lang='lat' dir='ltr'>sibi,</span> <span class='ocrx_word' id='word_1_188' title='bbox 398 1816 491 1863; x_wconf 84' lang='lat' dir='ltr'>devictis</span> <span class='ocrx_word' id='word_1_189' title='bbox 501 1812 646 1882; x_wconf 70' lang='lat' dir='ltr'>hostibusre</span> <span class='ocrx_word' id='word_1_190' title='bbox 656 1819 715 1880; x_wconf 89' lang='lat' dir='ltr'>publi</span> <span class='ocrx_word' id='word_1_191' title='bbox 752 1819 812 1865; x_wconf 84' lang='lat' dir='ltr'>bene</span> 
     </span>
    </p>
   </div>
   <div class='ocr_carea' id='block_1_4' title="bbox 20 1842 811 1945">
    <p class='ocr_par' dir='ltr' id='par_1_5' title="bbox 20 1842 811 1945">
     <span class='ocr_line' id='line_1_28' title="bbox 20 1842 811 1945; baseline 0.003 -19"><span class='ocrx_word' id='word_1_192' title='bbox 20 1842 27 1853; x_wconf 77' lang='lat'>=</span> <span class='ocrx_word' id='word_1_193' title='bbox 49 1886 52 1892; x_wconf 90' lang='lat'>&#39;</span> <span class='ocrx_word' id='word_1_194' title='bbox 127 1918 130 1925; x_wconf 92' lang='lat'>.</span> <span class='ocrx_word' id='word_1_195' title='bbox 142 1879 213 1945; x_wconf 74' lang='lat' dir='ltr'>gesti,</span> <span class='ocrx_word' id='word_1_196' title='bbox 225 1880 257 1927; x_wconf 83' lang='lat' dir='ltr'>its</span> <span class='ocrx_word' id='word_1_197' title='bbox 272 1888 298 1926; x_wconf 91' lang='lat' dir='ltr'>ut</span> <span class='ocrx_word' id='word_1_198' title='bbox 311 1895 357 1926; x_wconf 93' lang='lat' dir='ltr'>non</span> <span class='ocrx_word' id='word_1_199' title='bbox 373 1882 401 1927; x_wconf 83' lang='lat' dir='ltr'>sb</span> <span class='ocrx_word' id='word_1_200' title='bbox 416 1880 454 1927; x_wconf 88' lang='lat' dir='ltr'>illo</span> <span class='ocrx_word' id='word_1_201' title='bbox 470 1883 536 1929; x_wconf 88' lang='lat' dir='ltr'>unico</span> <span class='ocrx_word' id='word_1_202' title='bbox 552 1882 609 1930; x_wconf 80' lang='lat' dir='ltr'>duce</span> <span class='ocrx_word' id='word_1_203' title='bbox 619 1883 699 1929; x_wconf 87' lang='lat' dir='ltr'>melius</span> <span class='ocrx_word' id='word_1_204' title='bbox 708 1882 758 1945; x_wconf 73' lang='lat' dir='ltr'>geli</span> <span class='ocrx_word' id='word_1_205' title='bbox 767 1898 811 1945; x_wconf 91' lang='lat' dir='ltr'>po-</span> 
     </span>
    </p>
   </div>
   <div class='ocr_carea' id='block_1_5' title="bbox 132 1944 812 2649">
    <p class='ocr_par' dir='ltr' id='par_1_6' title="bbox 132 1944 812 2649">
     <span class='ocr_line' id='line_1_29' title="bbox 142 1944 812 2008; baseline 0.006 -17"><span class='ocrx_word' id='word_1_206' title='bbox 142 1944 216 1998; x_wconf 76' lang='lat' dir='ltr'>tnerit,</span> <span class='ocrx_word' id='word_1_207' title='bbox 226 1945 356 2006; x_wconf 90' lang='lat' dir='ltr'>supplicium</span> <span class='ocrx_word' id='word_1_208' title='bbox 365 1946 473 2008; x_wconf 74' lang='lat' dir='ltr'>magistro</span> <span class='ocrx_word' id='word_1_209' title='bbox 481 1949 580 2007; x_wconf 80' lang='lat' dir='ltr'>eqsuitnr&#39;n</span> <span class='ocrx_word' id='word_1_210' title='bbox 588 1947 702 1995; x_wconf 79' lang='lat' dir='ltr'>minetur?</span> <span class='ocrx_word' id='word_1_211' title='bbox 726 1946 812 2008; x_wconf 83' lang='lat' dir='ltr'>Neque</span> 
     </span>
     <span class='ocr_line' id='line_1_30' title="bbox 142 2009 811 2073; baseline 0.007 -18"><span class='ocrx_word' id='word_1_212' title='bbox 142 2011 205 2056; x_wconf 89' lang='lat' dir='ltr'>ilium</span> <span class='ocrx_word' id='word_1_213' title='bbox 221 2009 329 2071; x_wconf 75' lang='lat' dir='ltr'>magistro</span> <span class='ocrx_word' id='word_1_214' title='bbox 347 2011 446 2071; x_wconf 85' lang='lat' dir='ltr'>equitum</span> <span class='ocrx_word' id='word_1_215' title='bbox 464 2011 609 2067; x_wconf 80' lang='lat' dir='ltr'>infestiorem,</span> <span class='ocrx_word' id='word_1_216' title='bbox 630 2012 696 2073; x_wconf 83' lang='lat' dir='ltr'>quum</span> <span class='ocrx_word' id='word_1_217' title='bbox 714 2011 811 2059; x_wconf 76' lang='lat' dir='ltr'>tribunis</span> 
     </span>
     <span class='ocr_line' id='line_1_31' title="bbox 142 2074 808 2138; baseline 0.008 -19"><span class='ocrx_word' id='word_1_218' title='bbox 142 2074 246 2127; x_wconf 90' lang='lat' dir='ltr'>militum,</span> <span class='ocrx_word' id='word_1_219' title='bbox 258 2090 325 2135; x_wconf 79' lang='lat' dir='ltr'>quum</span> <span class='ocrx_word' id='word_1_220' title='bbox 341 2076 513 2131; x_wconf 84' lang='lat' dir='ltr'>centuriombus,</span> <span class='ocrx_word' id='word_1_221' title='bbox 534 2092 600 2138; x_wconf 80' lang='lat' dir='ltr'>quom</span> <span class='ocrx_word' id='word_1_222' title='bbox 616 2076 722 2123; x_wconf 78' lang='lat' dir='ltr'>militibus</span> <span class='ocrx_word' id='word_1_223' title='bbox 740 2079 808 2124; x_wconf 73' lang='lat' dir='ltr'>esses</span> 
     </span>
     <span class='ocr_line' id='line_1_32' title="bbox 132 2139 811 2205; baseline 0.006 -21"><span class='ocrx_word' id='word_1_224' title='bbox 132 2140 168 2205; x_wconf 33' lang='lat' dir='ltr'>&#39;si&#39;</span> <span class='ocrx_word' id='word_1_225' title='bbox 179 2139 256 2201; x_wconf 76' lang='lat' dir='ltr'>possit,</span> <span class='ocrx_word' id='word_1_226' title='bbox 273 2139 297 2185; x_wconf 89' lang='lat' dir='ltr'>in</span> <span class='ocrx_word' id='word_1_227' title='bbox 314 2155 392 2187; x_wconf 85' lang='lat' dir='ltr'>omnes</span> <span class='ocrx_word' id='word_1_228' title='bbox 408 2142 539 2188; x_wconf 73' lang='lat' dir='ltr'>saeviturum</span> <span class='ocrx_word' id='word_1_229' title='bbox 554 2141 638 2189; x_wconf 81' lang='lat' dir='ltr'>inisse:</span> <span class='ocrx_word' id='word_1_230' title='bbox 660 2142 712 2201; x_wconf 84' lang='lat' dir='ltr'>quis</span> <span class='ocrx_word' id='word_1_231' title='bbox 729 2140 753 2188; x_wconf 89' lang='lat' dir='ltr'>id</span> <span class='ocrx_word' id='word_1_232' title='bbox 768 2154 811 2188; x_wconf 78' lang='lat' dir='ltr'>ne-</span> 
     </span>
     <span class='ocr_line' id='line_1_33' title="bbox 142 2204 809 2266; baseline 0.006 -17"><span class='ocrx_word' id='word_1_233' title='bbox 142 2211 216 2265; x_wconf 83' lang='lat' dir='ltr'>quest,</span> <span class='ocrx_word' id='word_1_234' title='bbox 233 2204 264 2249; x_wconf 84' lang='lat' dir='ltr'>in·</span> <span class='ocrx_word' id='word_1_235' title='bbox 273 2218 343 2251; x_wconf 90' lang='lat' dir='ltr'>unum</span> <span class='ocrx_word' id='word_1_236' title='bbox 359 2205 445 2252; x_wconf 81' lang='lat' dir='ltr'>saevire.</span> <span class='ocrx_word' id='word_1_237' title='bbox 481 2206 558 2253; x_wconf 79' lang='lat' dir='ltr'>Etiam</span> <span class='ocrx_word' id='word_1_238' title='bbox 568 2206 681 2259; x_wconf 79' lang='lat' dir='ltr'>invidiam,</span> <span class='ocrx_word' id='word_1_239' title='bbox 694 2207 809 2266; x_wconf 78' lang='lat' dir='ltr'>tnqustn</span> 
     </span>
     <span class='ocr_line' id='line_1_34' title="bbox 142 2268 810 2333; baseline 0.003 -18"><span class='ocrx_word' id='word_1_240' title='bbox 142 2268 226 2331; x_wconf 75' lang='lat' dir='ltr'>igneum</span> <span class='ocrx_word' id='word_1_241' title='bbox 244 2284 332 2317; x_wconf 77' lang='lat' dir='ltr'>sumnus</span> <span class='ocrx_word' id='word_1_242' title='bbox 343 2278 434 2331; x_wconf 87' lang='lat' dir='ltr'>petere;</span> <span class='ocrx_word' id='word_1_243' title='bbox 451 2272 474 2317; x_wconf 89' lang='lat' dir='ltr'>in</span> <span class='ocrx_word' id='word_1_244' title='bbox 490 2278 557 2333; x_wconf 85' lang='lat' dir='ltr'>cuput</span> <span class='ocrx_word' id='word_1_245' title='bbox 575 2271 668 2324; x_wconf 88' lang='lat' dir='ltr'>consilii,</span> <span class='ocrx_word' id='word_1_246' title='bbox 685 2271 709 2316; x_wconf 91' lang='lat' dir='ltr'>in</span> <span class='ocrx_word' id='word_1_247' title='bbox 727 2270 810 2326; x_wconf 79' lang='lat' dir='ltr'>ducem</span> 
     </span>
     <span class='ocr_line' id='line_1_35' title="bbox 141 2333 810 2397; baseline 0.006 -19"><span class='ocrx_word' id='word_1_248' title='bbox 141 2333 260 2379; x_wconf 78' lang='lat' dir='ltr'>insumere</span> <span class='ocrx_word' id='word_1_249' title='bbox 304 2334 329 2381; x_wconf 84' lang='lat' dir='ltr'>Si</span> <span class='ocrx_word' id='word_1_250' title='bbox 349 2350 373 2381; x_wconf 92' lang='lat' dir='ltr'>se</span> <span class='ocrx_word' id='word_1_251' title='bbox 387 2336 454 2382; x_wconf 92' lang='lat' dir='ltr'>simul</span> <span class='ocrx_word' id='word_1_252' title='bbox 468 2350 519 2381; x_wconf 91' lang='lat' dir='ltr'>cum</span> <span class='ocrx_word' id='word_1_253' title='bbox 538 2334 610 2397; x_wconf 69' lang='lat' dir='ltr'>gloriis</span> <span class='ocrx_word' id='word_1_254' title='bbox 628 2336 660 2381; x_wconf 87' lang='lat' dir='ltr'>rei</span> <span class='ocrx_word' id='word_1_255' title='bbox 675 2342 749 2397; x_wconf 80' lang='lat' dir='ltr'>gestae</span> <span class='ocrx_word' id='word_1_256' title='bbox 767 2346 810 2382; x_wconf 79' lang='lat' dir='ltr'>ex·</span> 
     </span>
     <span class='ocr_line' id='line_1_36' title="bbox 142 2398 810 2462; baseline 0.006 -20"><span class='ocrx_word' id='word_1_257' title='bbox 142 2398 263 2452; x_wconf 81' lang='lat' dir='ltr'>stiuxisset,</span> <span class='ocrx_word' id='word_1_258' title='bbox 279 2405 335 2445; x_wconf 90' lang='lat' dir='ltr'>tuno</span> <span class='ocrx_word' id='word_1_259' title='bbox 345 2400 461 2454; x_wconf 85' lang='lat' dir='ltr'>victorem,</span> <span class='ocrx_word' id='word_1_260' title='bbox 473 2400 535 2446; x_wconf 87' lang='lat' dir='ltr'>velut</span> <span class='ocrx_word' id='word_1_261' title='bbox 545 2400 569 2445; x_wconf 93' lang='lat' dir='ltr'>in</span> <span class='ocrx_word' id='word_1_262' title='bbox 580 2407 645 2462; x_wconf 84' lang='lat' dir='ltr'>capto</span> <span class='ocrx_word' id='word_1_263' title='bbox 655 2400 756 2447; x_wconf 81' lang='lat' dir='ltr'>exercitu</span> <span class='ocrx_word' id='word_1_264' title='bbox 766 2398 810 2446; x_wconf 93' lang='lat' dir='ltr'>do-</span> 
     </span>
     <span class='ocr_line' id='line_1_37' title="bbox 140 2462 809 2527; baseline 0.006 -22"><span class='ocrx_word' id='word_1_265' title='bbox 140 2462 269 2517; x_wconf 83' lang='lat' dir='ltr'>minmtem,</span> <span class='ocrx_word' id='word_1_266' title='bbox 285 2464 390 2525; x_wconf 88' lang='lat' dir='ltr'>quidquid</span> <span class='ocrx_word' id='word_1_267' title='bbox 407 2464 494 2511; x_wconf 87' lang='lat' dir='ltr'>licuerit</span> <span class='ocrx_word' id='word_1_268' title='bbox 508 2464 533 2510; x_wconf 91' lang='lat' dir='ltr'>in</span> <span class='ocrx_word' id='word_1_269' title='bbox 543 2466 652 2527; x_wconf 73' lang='lat' dir='ltr'>magistro</span> <span class='ocrx_word' id='word_1_270' title='bbox 662 2464 771 2525; x_wconf 82' lang='lat' dir='ltr'>equitum,</span> <span class='ocrx_word' id='word_1_271' title='bbox 783 2464 809 2509; x_wconf 89' lang='lat' dir='ltr'>in</span> 
     </span>
     <span class='ocr_line' id='line_1_38' title="bbox 139 2525 810 2577; baseline 0.012 -8"><span class='ocrx_word' id='word_1_272' title='bbox 139 2525 244 2573; x_wconf 89' lang='lat' dir='ltr'>militibus</span> <span class='ocrx_word' id='word_1_273' title='bbox 258 2542 371 2575; x_wconf 80' lang='lat' dir='ltr'>ausurum.</span> <span class='ocrx_word' id='word_1_274' title='bbox 387 2528 389 2531; x_wconf 80' lang='grc'><strong>’</strong></span> <span class='ocrx_word' id='word_1_275' title='bbox 407 2527 508 2575; x_wconf 88' lang='lat' dir='ltr'>Proinde</span> <span class='ocrx_word' id='word_1_276' title='bbox 523 2529 626 2575; x_wconf 75' lang='lat' dir='ltr'>adessent</span> <span class='ocrx_word' id='word_1_277' title='bbox 642 2528 664 2575; x_wconf 90' lang='lat' dir='ltr'>in</span> <span class='ocrx_word' id='word_1_278' title='bbox 682 2525 724 2575; x_wconf 74' lang='lat' dir='ltr'>sui</span> <span class='ocrx_word' id='word_1_279' title='bbox 739 2526 810 2577; x_wconf 67' lang='lat' dir='ltr'>cousi</span> 
     </span>
     <span class='ocr_line' id='line_1_39' title="bbox 139 2590 808 2649; baseline 0.012 -16"><span class='ocrx_word' id='word_1_280' title='bbox 139 2590 238 2637; x_wconf 79' lang='lat' dir='ltr'>omnium</span> <span class='ocrx_word' id='word_1_281' title='bbox 248 2590 350 2640; x_wconf 83' lang='lat' dir='ltr'>iibertsti.</span> <span class='ocrx_word' id='word_1_282' title='bbox 363 2612 365 2617; x_wconf 96' lang='lat'>·</span> <span class='ocrx_word' id='word_1_283' title='bbox 376 2593 412 2642; x_wconf 82' lang='lat' dir='ltr'>&#39;Si</span> <span class='ocrx_word' id='word_1_284' title='bbox 429 2608 564 2645; x_wconf 82' lang='lat' dir='ltr'>consensum</span> <span class='ocrx_word' id='word_1_285' title='bbox 574 2592 686 2643; x_wconf 71' lang='lat' dir='ltr'>exeuntis</span> <span class='ocrx_word' id='word_1_286' title='bbox 694 2592 808 2649; x_wconf 74' lang='lat' dir='ltr'>eumden.</span> 
     </span>
    </p>
   </div>
   <div class='ocr_carea' id='block_1_6' title="bbox 0 0 915 2950">
    <p class='ocr_par' dir='ltr' id='par_1_7' title="bbox 0 0 915 2950">
     <span class='ocr_line' id='line_1_40' title="bbox 0 0 915 2950; baseline 0 0"><span class='ocrx_word' id='word_1_287' title='bbox 0 0 915 2950; x_wconf 95' lang='lat' dir='ltr'> </span> 
     </span>
    </p>
   </div>
  </div>
 </body>
</html>
