1809 2950
184 177 213 231 Τ.
227 175 313 231 LIVll
329 183 381 232 lna.
396 176 470 233 XXI.
480 175 547 236 len.
561 180 621 236 565¹
674 184 725 238 283

55 321 81 360 et
92 313 205 374 elephanti
214 314 262 373 jam
273 314 296 358 in
307 313 400 360 mediam
411 314 509 376 peditrnn
519 316 589 362 aden
604 330 653 364 sese
666 319 725 364 talea

55 383 124 423 rant:
150 383 175 422 et
190 376 263 438 Mago
281 375 436 438 Numidaeque,
457 380 522 425 simul
532 381 631 426 latebras
647 395 723 429 eorum

56 441 185 502 improvida
195 442 319 501 praeterlata
329 443 386 488 acies
397 450 438 496 est,
451 444 521 488 exorti
532 445 560 490 ab
570 450 634 504 tergo
645 445 727 506 ingen·

58 512 108 552 tem
127 505 248 550 tumultum
267 519 293 550 ac
312 513 417 552 terrorem
435 505 515 553 facire.
549 506 637 553 Tamen
652 509 676 552 in
691 516 726 554 tot

58 569 255 614 circumstantibus
263 569 326 614 malis
335 570 416 616 mansit
422 571 554 631 aliquamdiu
562 572 725 626 immotsaciea

58 633 161 678 maxime
176 639 257 693 praeter
273 647 334 694 spem
350 636 448 680 omnium
463 635 724 696 adversuselepbantosr

59 711 101 742 eos
117 696 203 748 velites,
224 697 251 741 ad
266 697 375 758 idipsum
391 699 464 752 locati,
483 700 567 746 venatis
582 699 688 761 conjectis
703 705 727 745 et

60 757 171 812 avertite,
187 768 210 806 et
220 761 319 824 insecuti,
332 777 420 808 aversos
432 765 472 808 sub
482 764 563 818 caudis,
576 761 621 824 qut
631 764 727 810 maxime

61 823 125 870 molli
137 831 189 869 cute
200 825 291 870 urlnera
301 826 416 886 accipiunt,
428 826 546 872 fodiebant.
724 833 728 839 ’

63 913 65 918 -
95 885 165 936 LVI.
184 883 336 948 Trepidantes,
348 903 460 949 propeque
469 893 516 951 jam
529 891 552 935 in
564 905 616 938 suos
626 898 728 938 consterit

61 959 137 1004 natos,
156 949 228 997 medii
240 951 286 997 acie
299 953 322 996 in
337 959 466 1006 extremam,
484 955 511 999 ad
524 955 635 1001 sinistrum
648 965 726 1009 cornu,

61 1017 171 1062 adversm
183 1015 262 1061 Gallos
273 1016 388 1061 auxiliares
398 1017 435 1076 agi
444 1018 513 1078 jussit
523 1015 641 1065 Hannibal.
676 1019 728 1066 Ex*

63 1079 151 1140 templo
164 1079 222 1124 baud
238 1080 324 1124 dubiam
339 1077 412 1125 facire
427 1079 517 1140 sugam:
538 1081 624 1127 additus
640 1078 729 1143 quoque

62 1153 139 1188 novus
149 1150 220 1188 terror
235 1143 349 1195 Remmia,
365 1151 391 1188 ut
404 1143 453 1189 fusa
467 1145 548 1190 auxilia
563 1160 603 1191 sua
615 1147 727 1194 videmur«

63 1206 154 1267 Itaque,
170 1221 220 1251 cum
233 1208 317 1268 jamin
333 1208 407 1253 orbem
422 1216 554 1272 pugnarent,
571 1210 646 1256 decem
661 1211 729 1257 millia

62 1272 137 1318 ferme
148 1271 269 1323 hominum,
285 1286 335 1317 curn
349 1270 392 1317 alit
406 1273 499 1318 evadere
509 1274 643 1333 nequissent,
655 1271 729 1321 medin

65 1334 177 1382 Afrorum
187 1335 240 1386 acie,
252 1349 302 1394 quae
314 1334 406 1382 Gallicis
416 1337 503 1382 auxiliis
512 1337 599 1384 firmata
608 1342 662 1390 erat,
676 1346 728 1382 curn

63 1399 155 1460 ingenti
168 1398 228 1444 caede
242 1399 337 1444 bostium
354 1397 484 1462 perrupere:
506 1408 536 1454 et,
553 1417 604 1447 curn
619 1414 691 1460 neque
705 1401 729 1445 in

65 1470 141 1511 aesna
160 1461 241 1509 reditus
259 1470 317 1510 esset
336 1463 426 1511 llumine
444 1465 575 1518 interclusis,
595 1480 666 1525 neque
681 1474 729 1526 prm

64 1528 131 1575 imbri
143 1528 196 1573 satis
206 1528 322 1575 decernere
332 1537 428 1590 possent
445 1528 489 1590 quai
504 1530 549 1575 suis
563 1544 628 1589 opem
637 1527 728 1581 ferrent,

65 1592 206 1639 Placentiam
217 1599 277 1638 recto
287 1593 364 1639 itinere
374 1591 497 1653 pertenire.
527 1592 607 1638 Plures
618 1592 696 1638 deinde
705 1594 729 1637 irt

65 1670 149 1703 omnes
157 1663 230 1717 partes
237 1658 362 1717 eruptiones
369 1656 445 1703 lactaer
461 1665 490 1709 et,
503 1656 539 1717 qui
548 1655 630 1702 flumen
639 1653 730 1717 petiire

65 1728 107 1768 aut
121 1720 247 1782 gurgitibus
261 1720 354 1766 absumti
370 1727 429 1774 sunt,
445 1728 483 1767 sut
497 1721 555 1766 inter
567 1722 730 1767 cunctationem

64 1783 205 1846 ingrediendi
223 1785 250 1831 ab
268 1786 367 1830 hostibus
385 1786 489 1845 oppressi
527 1784 574 1839 Qui
591 1786 673 1847 passim
690 1793 731 1846 pet

65 1860 136 1911 agros
151 1847 206 1909 lugi
221 1850 289 1909 sparsi
305 1856 374 1901 erant,
392 1850 487 1910 vestigia
500 1849 598 1896 cedentis
614 1856 731 1910 sequentes

66 1912 172 1974 agminis,
189 1911 324 1958 Placentiam
335 1910 481 1960 coutendite:
499 1914 623 1960 aliis'timor
633 1914 731 1960 hostium
817 1951 821 1957 .

66 1976 181 2023 audaciam
197 1976 332 2037 ingrediendi
348 1976 431 2023 flumen
445 1976 505 2031 fecit,
520 1977 695 2040 transgressique
707 1975 730 2023 in

67 2048 142 2087 castra
157 2047 311 2100 pervenerunt.
347 2039 420 2086 Imber
436 2042 488 2088 nive
503 2043 592 2095 mixtus,
613 2050 636 2089 et
650 2042 731 2087 intolea

66 2104 138 2150 nands
147 2104 183 2149 vis
192 2104 287 2165 frigoris,
304 2111 327 2150 et
337 2105 436 2151 homines
447 2103 536 2159 multos,
552 2115 574 2151 et
584 2108 692 2168 jumenta
708 2110 732 2150 et

66 2168 198 2229 elephantos
208 2184 277 2229 prope
287 2182 371 2222 omnes,
383 2170 495 2216 absumsit.
530 2168 593 2215 Finis
603 2168 731 2228 insequendi

66 2232 140 2278 bostis
152 2230 230 2277 Poenis
240 2232 323 2278 flumen
334 2231 414 2279 Trebia
420 2233 474 2280 fuit:
491 2234 553 2280 etita
560 2239 672 2292 torpentes
679 2230 733 2290 gelu

66 2297 92 2342 in
107 2304 182 2341 castra
195 2293 286 2349 teduine,
302 2303 327 2341 ut
340 2298 379 2341 vix
392 2298 492 2344 laetitiam
506 2297 605 2342 victorie
616 2294 729 2340 sentinante

67 2359 150 2421 ltaque
160 2368 226 2406 nocte
233 2360 363 2420 insequenti,
376 2376 426 2406 cnm
434 2360 560 2421 praesidium
568 2366 698 2407 sannanim,
710 2363 734 2402 et

67 2424 136 2485 qnod·
141 2424 248 2484 reliquum
259 2438 288 2469 ex
301 2423 383 2485 magni
396 2432 459 2485 parte
472 2424 566 2469 militum
581 2428 635 2473 erat,
651 2420 733 2466 ratibus

67 2488 175 2535 Trebiam
194 2488 324 2549 trajicerent,
347 2496 385 2533 aut
404 2488 457 2531 nihil
476 2483 571 2539 sensere,
594 2486 733 2545 obstrepente

68 2550 160 2613 pluvii3
178 2559 223 2605 aut,
239 2552 290 2611 quis
299 2554 346 2613 J'am
361 2550 445 2597 moveri
459 2564 506 2609 prae
519 2548 647 2595 beatudine
657 2548 733 2607 nequi-

69 2616 125 2661 bant
135 2610 161 2661 ac
173 2615 307 2677 vulneribus,
324 2616 404 2661 sentire
418 2628 466 2660 sese
476 2611 653 2659 dissimulrinant:
671 2612 736 2672 quie·

68 2679 144 2741 sisque
156 2678 243 2732 Poenis,
254 2678 321 2738 tqcito
331 2678 454 2739 agmineab
463 2677 566 2739 scipione
573 2677 663 2734 consule
670 2686 734 2723 aner·
