1809 2950
182 180 211 229 Τ.
225 177 313 228 LIVil
330 180 382 230 Lm.
396 180 485 231 XXII.
505 180 617 234 Csrstts.
690 189 739 235 899

75 309 409 373 biiceprivstaequereiinquit3
421 319 526 374 densque
548 314 741 362 roximosmontee

75 373 359 440 levipeditesiustructos
369 377 452 431 condit,
468 378 511 424 dex
562 378 653 439 equites,
670 379 742 440 impe-

77 440 175 486 dimenta
185 455 225 502 per
235 441 364 495 convallem,
377 442 474 489 medium
485 456 574 505 rgmem
590 442 698 500 traducit3
715 450 742 488 ut

77 504 203 566 diripiendis
213 505 276 552 velut
285 505 377 552 desertis
386 504 442 568 iugi
455 507 595 554 dominorum
611 507 688 554 cestris
703 521 742 553 oc·

78 575 183 630 cupitum
196 569 371 630 impeditumque
384 571 473 618 bostem
487 573 628 633 opprimeret.
662 569 742 619 Crebri

78 633 149 680 relicti
159 634 183 679 in
200 633 278 680 cestris
292 635 362 696 ignes,
381 641 407 681 ut
421 635 476 683 fides
489 635 559 689 fieret,
571 637 624 682 dum
634 635 742 698 ipselen-

78 697 130 760 gius
141 698 236 759 spatium
251 696 308 760 fugi
322 700 458 761 preciperet,
474 699 531 748 fulsi
545 702 642 763 imsgine
657 706 742 746 cestro-

78 762 207 872 ¹rurrrlogisuicut
215 761 309 874 ngeipm
316 763 388 872 priore
395 779 453 811 anno
461 764 580 812 frustratus
588 762 657 824 esset)
666 771 744 811 tenere

77 839 101 872 tn
179 841 233 872 cons
291 843 320 874 vo
329 841 394 874 uisse.

112 888 196 939 XLII.
225 890 270 938 Ubi
290 891 369 944 illuxit,
397 893 511 939 subductae
533 895 605 956 primo
626 893 741 946 etstiom

77 953 159 1002 deinde
169 954 258 1016 propius
272 955 401 1003 adeuntibus
416 957 530 1003 insolitum
546 958 657 1004 silentium
673 957 744 1004 sdmi-

78 1019 189 1066 rationem
206 1017 266 1065 iecit·
305 1018 358 1068 Jsm
377 1020 430 1066 setis
446 1019 560 1080 comperti
578 1021 701 1075 solitudine,
718 1022 743 1069 in

77 1083 159 1132 cestris
164 1097 283 1146 concursus
291 1083 456 1145 iitsdpraetoris
461 1084 584 1136 consulum,
594 1086 742 1131 nuntiantium

74 1145 156 1210 fugem
167 1147 263 1193 bostium
274 1147 329 1194 adeo
338 1148 451 1209 trepidem,
464 1153 497 1200 ut,
509 1149 653 1194 ubemaculis
665 1148 744 1195 stanti-

76 1213 128 1264 bus,
142 1218 213 1258 cestra
223 1212 366 1272 reliquerint5
383 1226 472 1272 quoque
481 1210 536 1274 iuge
549 1211 662 1258 obscurior
676 1220 742 1266 esset,

77 1277 169 1324 crebros
179 1276 245 1322 etism
254 1276 341 1323 relictos
351 1277 423 1338 ignes.
459 1274 551 1324 Clamor
566 1275 618 1321 inde
632 1284 702 1329 onus,
718 1282 744 1323 ut

78 1341 146 1403 signs
155 1339 248 1402 proferri
253 1341 363 1402 juberent,
376 1341 525 1402 ducerentque
538 1340 567 1387 sd
580 1340 744 1402 persequendos

78 1405 164 1458 hostes,
176 1419 202 1451 sc
211 1406 312 1466 protinus
323 1412 394 1451 castra
404 1405 532 1467 diripienda.
561 1403 594 1452 Et
601 1404 680 1451 consul
689 1404 745 1450 ulter

79 1469 144 1517 velut
154 1484 212 1517 unus
223 1471 293 1517 turbae
301 1469 400 1517 militaris
410 1478 465 1517 erut.
500 1469 584 1517 Paulus
602 1469 668 1517 etism
679 1476 747 1529 atque

78 1536 147 1584 etism
169 1532 248 1588 dicere,
274 1536 433 1597 providendum
452 1533 665 1596 praecavendumque
686 1531 742 1580 esse·

78 1598 208 1653 Postremo,
221 1614 272 1647 cum
283 1600 345 1646 aliter
355 1614 426 1661 neque
436 1600 567 1646 seditionem
578 1614 650 1659 neque
665 1597 744 1645 ducent

79 1663 195 1711 seditionis
206 1665 314 1711 sustinere
323 1671 405 1725 posset,
418 1664 518 1711 Marium
530 1664 641 1711 Statilium
652 1661 746 1725 praefec·

79 1735 129 1777 tum
141 1742 192 1775 cum
203 1726 277 1775 turmis
289 1725 382 1775 Lucani
396 1728 535 1789 exploratum
550 1728 633 1785 mittit;
650 1728 696 1789 qui,
709 1726 745 1772 ubi

80 1792 216 1853 adequitavit
225 1793 301 1854 portis,
312 1794 429 1839 subsistere
439 1800 503 1840 extre
512 1794 649 1854 munimenta
659 1792 748 1839 ceteris

76 1856 155 1920 jussis,
174 1856 222 1918 ipse
243 1872 294 1904 cum
313 1857 397 1904 duobus
416 1858 524 1917 equitibus
540 1858 623 1904 sellum
640 1856 746 1913 intravit5

81 1921 251 1983 speculetusque
261 1922 336 1968 omnic
345 1936 396 1972 cum
407 1920 461 1969 curi
468 1923 586 1975 renuntiet,
597 1922 687 1969 insidias
694 1936 747 1983 pro-

79 1985 142 2035 fecto
152 2000 215 2033 esse:
233 1986 298 2047 ignes
313 1986 337 2032 in
352 1994 415 2048 purte
430 1994 560 2041 rostrorum,
572 2002 622 2048 quae
634 1993 712 2048 verget
723 1985 747 2029 in

81 2051 178 2103 bostem,
196 2051 300 2097 relictos:
318 2051 458 2098 tsbernecule
471 2059 553 2113 aperta,
570 2060 593 2098 et
609 2051 684 2097 omnis
697 2060 749 2095 cm

82 2115 106 2163 in
119 2121 210 2177 promtu
224 2115 312 2161 relicta:
331 2122 448 2177 argentum
459 2117 588 2176 qmbusdam
598 2116 653 2161 locis
664 2122 750 2160 temere

83 2194 124 2241 per
134 2180 188 2232 viss,
202 2178 265 2225 velut
279 2180 389 2241 obJectnm
403 2180 430 2225 sd
444 2181 550 2241 praedam,
564 2179 652 2225 vidisse
688 2175 749 2228 Ori!

84 2244 114 2291 sd
123 2244 266 2301 deterrendos
277 2260 290 2291 s
300 2244 418 2305 cupiditate
428 2245 515 2290 nmmos
526 2243 627 2288 nuntias
641 2246 710 2291 erent
722 2252 750 2285 es

85 2307 251 2364 tenenderurrt5
267 2314 297 2361 et,
309 2308 405 2355 clamore
415 2316 465 2354 orto
476 2323 490 2353 s
501 2307 613 2357 militibus,
626 2304 649 2349 ni
660 2304 748 2364 signum

86 2372 159 2426 detur,
171 2372 318 2419 sineducibus
327 2374 404 2427 ituros,
421 2368 588 2430 hsudquiqusm
605 2367 649 2413 dux
665 2366 747 2413 defuit:

86 2450 139 2483 nsm
161 2438 273 2497 extemplo
294 2436 368 2482 Vsrro
390 2437 480 2497 signum
502 2432 562 2477 dedit
587 2429 747 2493 proficiscendi.

86 2498 180 2554 Paulus,
198 2516 248 2547 eum
265 2501 286 2547 ei
303 2498 343 2546 sui
359 2507 438 2560 sponte
457 2497 569 2543 cunctanti
590 2495 644 2557 pulli
663 2506 752 2556 quoque

86 2565 186 2626 suspicio
207 2580 252 2611 non
273 2564 415 2617 addixissent,
439 2560 563 2607 obnuntiuri
583 2561 631 2623 jtsm
652 2558 752 2605 efferenti

87 2627 152 2691 porti
168 2629 233 2691 signs
248 2629 340 2689 college
354 2628 437 2689 jussit:
457 2626 517 2687 quod
530 2640 662 2686 qumquem
677 2622 752 2668 Varro

87 2688 150 2757 repre
160 2698 195 2743 est
204 2706 288 2757 pessus,
302 2690 407 2741 Flamini
421 2697 497 2741 nmen
513 2705 590 2746 mem
599 2704 671 2747 ossus,
684 2685 754 2739 Cleu-
