1809 2950
172 155 201 202 Τ.
217 153 305 201 LIVII
322 153 375 202 Lis.
390 153 491 201 XXIII.
510 153 634 204 012.le
684 163 733 208 897

68 292 106 332 est
123 285 211 330 missus.
246 283 319 331 Taciti
334 285 406 348 primo
423 291 606 346 exspectarem
624 287 733 342 homines,

66 350 101 396 uti
112 350 191 395 consul
206 349 296 395 comitia
309 349 403 410 collegae
417 349 513 398 creando
523 349 627 396 haberet:
646 351 733 406 deinde,

66 415 105 458 ubi
118 414 252 475 ablegatum,
267 413 330 459 velut
341 414 368 460 de
378 411 493 466 iudusnid
509 413 545 460 M.
556 414 690 462 Marcellum
700 417 736 462 vi-

65 478 155 530 derunt,
174 492 241 539 quem
258 477 355 524 maurinus
369 478 483 524 considesn
499 477 524 523 in
541 493 592 524 eum
606 493 690 526 sunum
705 481 735 527 ob

64 543 160 604 egregie
170 543 192 588 lu
203 539 301 603 praeturd
309 555 344 588 res
351 550 427 604 gestss
435 543 504 588 cressi
513 542 621 596 volebant,
632 542 735 592 frunitus

64 605 161 652 incuriis
172 613 287 654 estortus.
312 606 381 660 Quod
388 607 424 653 ubi
436 607 600 660 seusitffccnsul
613 614 629 636 “
639 607 736 654 Utrum·

64 669 136 732 qn‘e,”
151 671 229 732 iuquit,
246 678 261 700 “
272 687 286 717 e
296 669 412 733 republicd
420 670 471 724 suit,
481 670 561 718 Patres
571 673 697 734 conscripti,
712 680 737 719 et

64 736 104 782 M.
115 733 736 799 Claudiumudpemutuudosexercitusincsmpsnism

64 800 184 862 proficisci,
200 809 223 847 et
239 799 328 847 comitis
342 815 388 846 non
403 801 464 862 prius
477 801 541 854 edici,
559 817 625 862 qusm
639 802 660 848 is
674 803 735 856 inde,

64 864 178 919 conlecto,
194 865 254 925 quod
270 865 398 912 insudatum
416 872 458 918 est,
475 867 574 928 negotio,
592 867 735 925 reuertisset3

65 937 92 976 ut
102 935 145 976 'vos
156 930 278 983 consulem,
290 943 356 991 quem
370 936 459 991 tempus
470 929 594 991 reipublicae
604 932 733 993 postularet,

65 1009 135 1055 quem
153 995 250 1042 iunxisse
268 994 342 1048 vultis,
362 992 498 1041 haberetis.”
532 993 570 1040 Its
587 995 615 1042 de
630 997 734 1050 comitiis,
809 1038 812 1045 r

65 1061 140 1105 donec
148 1059 212 1106 rediit
220 1059 350 1112 Marcellus,
361 1059 474 1106 silentium
481 1057 531 1104 fuit.
558 1056 648 1106 Interes
655 1060 735 1106 duum-

65 1124 110 1170 uiri
126 1125 192 1170 oresti
208 1131 261 1170 sunt
277 1123 308 1177 Q,
319 1123 402 1170 Fabius
417 1121 533 1169 Maximus
548 1129 572 1167 et
585 1121 615 1168 T.
626 1123 736 1170 Otacilius

68 1187 172 1242 Crsssus,
190 1188 274 1236 aedibus
288 1187 421 1241 dedicandis,
433 1187 510 1233 Menti
521 1185 637 1240 Otacilius,
653 1186 735 1234 Fabius

66 1252 153 1299 Veneri
168 1253 282 1313 Erycinae.
319 1253 421 1312 Utraque
437 1252 461 1297 ln
476 1249 588 1313 Capitolio
605 1258 647 1305 est,
665 1253 736 1298 enneli

66 1333 113 1365 uno
128 1317 238 1364 discretas.
272 1317 306 1365 Et
320 1317 348 1364 de
362 1317 467 1364 trecentis
482 1316 592 1377 equitibus
608 1312 736 1376 Csmpsnis,

67 1383 112 1443 qui,
131 1383 155 1428 iu
173 1380 248 1430 Sicilid
264 1397 315 1428 cum
329 1381 373 1428 fide
388 1381 502 1443 stipendiis
517 1380 621 1433 meritis,
635 1379 735 1426 Romam

66 1455 181 1501 venersut,
197 1445 248 1495 dein
264 1447 333 1495 istum
351 1447 378 1494 sd
393 1446 506 1509 populum,
522 1452 548 1492 ut
563 1444 623 1492 ciues
637 1443 736 1492 Romani

65 1520 141 1559 essent
147 1530 155 1569 ;
175 1513 236 1565 item,
258 1513 290 1558 uti
307 1512 430 1575 municipes
448 1510 546 1559 cumani
562 1518 645 1562 esent,
667 1510 738 1571 pn'die

65 1592 132 1637 quam
143 1577 244 1638 populus
250 1574 378 1639 Campanus
387 1576 490 1638 spnpulo
498 1574 604 1623 Romano
611 1573 735 1622 defecisset.

66 1642 176 1695 Maxime,
189 1648 215 1688 ut
222 1642 265 1688 hoc
274 1641 376 1695 ferretur,
391 1648 500 1693 moverat,
511 1639 577 1701 quod.
590 1654 684 1700 quorum
695 1639 736 1685 ho-

66 1707 153 1751 minum
168 1713 250 1760 essent,
267 1707 324 1753 scire
338 1722 363 1753 se
378 1706 419 1767 ipsi
435 1706 560 1766 negabunt3
577 1711 654 1750 vetere
665 1702 736 1766 puerit

66 1769 151 1823 relicti,
170 1771 194 1815 in
209 1786 266 1825 eum,
283 1770 387 1832 inquam
404 1770 521 1822 redieram,
538 1769 637 1815 nondum
648 1769 734 1816 adsciti·

66 1834 191 1895 Postquam
207 1835 330 1883 Marcellus
346 1837 374 1882 sb
388 1836 487 1881 exercitu
503 1833 574 1887 rediit,
593 1834 683 1880 comitis
697 1834 735 1881 uni

66 1900 154 1947 consuli
173 1900 273 1962 rogando
291 1901 315 1947 in
333 1900 408 1945 locum
427 1898 457 1944 L.
477 1897 589 1945 Postumii
609 1898 733 1945 edicuntur.

66 1962 165 2012 Crestus
182 1965 269 2027 ingenti
288 1978 398 2011 consensu
416 1963 546 2017 Marcellus,
566 1963 604 2025 qui
623 1964 735 2024 extemplo

65 2030 223 2090 magistratum
238 2031 361 2091 occiperet:
379 2029 414 2074 cui
428 2028 514 2075 ineunti
529 2028 669 2075 consulatum
684 2043 736 2075 cum

64 2095 185 2146 tonuisset,
202 2095 278 2145 ¹vocati
295 2107 392 2155 augures
407 2093 463 2139 vitio
481 2100 580 2139 crestum
599 2092 669 2137 videri
684 2108 737 2152 pro-

65 2159 228 2205 nuntiaverunt
234 2172 242 2215 3
264 2158 377 2220 vulgoque
398 2157 478 2204 Pstres
499 2158 530 2203 its
550 2152 610 2202 sams
629 2155 737 2208 ferebant,

64 2223 128 2283 quod
143 2229 191 2269 tum
207 2224 303 2283 primum
318 2223 362 2268 duo
377 2222 454 2283 plebeii
469 2221 572 2267 consules
586 2218 639 2265 lacti
654 2227 736 2273 essent,

65 2288 89 2334 id
99 2286 159 2333 Deis
170 2288 231 2333 cordi
243 2302 288 2333 non
299 2302 355 2334 esse.
391 2286 420 2332 ln
430 2287 505 2331 locum
513 2282 624 2334 Marcell,
634 2284 673 2347 pbi
684 2284 703 2329 is
714 2300 739 2331 se

65 2352 202 2413 magistratu
218 2352 332 2405 abdicavit,
352 2350 458 2397 suffectus
473 2347 556 2394 Fsbius
566 2346 684 2395 Maximus
694 2356 740 2397 ter·

66 2418 135 2463 tium.
171 2415 239 2463 Msre
250 2418 303 2463 arsit
314 2432 341 2463 eo
352 2430 426 2463 auno:
439 2413 468 2459 ad
479 2412 608 2458 Sinuessam
618 2412 660 2479 bps
670 2429 740 2475 equu-

65 2484 131 2528 leum
150 2481 250 2542 peperit:
278 2483 343 2543 signa
362 2477 459 2528 Lanuuii
477 2476 506 2523 sd
526 2475 625 2524 Junouis
645 2479 742 2539 Sospitae

66 2561 150 2593 cruore
159 2544 288 2599 manavere,
297 2545 447 2607 lapidibusque
456 2541 514 2587 circs
522 2541 545 2587 id
552 2542 660 2602 templum
669 2543 738 2601 pluit:

66 2612 98 2657 ob
118 2625 185 2669 quem
205 2611 305 2664 imbrem,
327 2606 474 2659 novemdiale,
496 2612 522 2651 ut
543 2606 634 2658 essolet,
655 2619 742 2651 sacrum

67 2674 128 2721 luit:
148 2680 273 2735 caetcrsquc
284 2672 385 2737 prodigis
395 2686 446 2719 cum
458 2667 513 2716 curt
522 2670 617 2731 expieta.

102 2752 154 2784 vor.
173 2753 200 2785 11.
469 2739 516 2780 21¹
