1809 2950
182 143 212 192 Τ.
223 143 310 194 LIVII
325 143 476 194 Lan-XXII.
496 144 554 194 Car.
566 149 605 193 89.
675 146 723 192 885

58 273 288 400 {imm
299 274 723 393 dammandi}

59 411 98 450 rut
116 401 213 464 petendi,
233 412 271 452 aut
289 405 359 452 hostia
376 404 476 457 feriendi,
496 410 535 449 aut
550 403 605 448 civia
623 401 724 447 servandi

59 465 134 514 cauri.
169 465 199 513 Id
208 483 237 516 ex
245 469 369 516 voluntario
379 469 437 515 inter
447 469 508 529 ipson
514 466 598 513 fondere
607 481 621 512 a
631 465 725 511 tribumir
758 487 761 493 ·

58 531 87 578 ad
111 532 235 594 legitimam
254 533 397 596 jurisjurandi
423 533 560 581 adactionem
584 529 724 576 translatum.

60 593 197 650 conciones,
218 597 345 660 priusquam
364 600 391 644 ab
407 596 471 644 Urbe
489 597 555 658 signa
573 601 722 646 moverentur.

60 661 159 708 nonnulla
175 661 284 708 Varronis
302 663 379 708 multae
397 677 423 708 ac
440 661 528 708 l'erocea
549 657 618 712 fuere,
638 657 725 704 denun-

59 725 148 777 tiantes,
169 726 250 772 bellum
267 727 396 772 arcessitum
414 727 437 771 in
453 724 541 772 Iuliam
560 725 587 770 ab
608 722 723 775 nobilibuh

59 804 233 851 mansurumque
243 792 266 836 in
277 791 396 837 visceribus
412 791 543 852 reipublicae,
561 789 579 835 ri
594 788 668 849 plurea
679 785 725 832 Fa·

58 855 107 900 bins
118 854 262 918 imperatores
272 856 375 912 haberet;
391 870 421 908 ae,
434 870 480 914 quo
487 855 522 900 die
529 855 616 900 hosta·
624 851 723 904 ridinaet,

58 915 217 980 perfecturum.
253 917 355 980 Collegae
373 921 421 982 ejus
432 918 497 964 Pauli
507 933 558 970 una,
572 917 641 978 pridie
657 929 723 976 quam

59 997 88 1030 ex
109 982 174 1030 Urbe
191 982 387 1044 proficiscerentur,
407 983 486 1029 concio
500 981 544 1027 fuit
559 982 640 1033 verior,
657 995 724 1041 quam

58 1047 146 1109 gratior
162 1048 252 1108 populo,
270 1045 314 1108 qud
330 1048 384 1094 nihil
402 1047 545 1092 inclementer
558 1045 582 1089 in
599 1044 725 1092 Varronem

58 1113 152 1165 dictum,
166 1112 207 1158 nisi
215 1113 322 1170 idmodo;
336 1111 439 1158 “Mirari
448 1126 479 1163 ne,
491 1109 602 1170 quomodo
612 1108 662 1168 quir
670 1108 724 1161 dux,

57 1177 188 1238 priusquam
199 1183 237 1224 aut
248 1192 311 1222 suum
326 1183 365 1224 aut
376 1176 473 1221 hostiurn
484 1173 612 1224 exercitum,
625 1172 725 1218 locorum

58 1242 136 1294 ritum,
149 1248 249 1287 naturam
260 1241 357 1304 regionis
367 1237 449 1293 ndsset,
460 1240 509 1302 jam
524 1253 584 1283 nunc
595 1233 692 1298 [locatur
701 1237 725 1282 in

59 1304 126 1369 urbe]
139 1305 212 1358 sciret,
224 1319 275 1366 quae
290 1305 329 1352 sini
342 1304 428 1367 agenda
442 1310 527 1350 armato
537 1301 622 1357 forent3
634 1308 657 1346 et
666 1301 725 1346 diem

59 1384 152 1431 quoque
166 1370 286 1430 praedicere
297 1377 379 1430 posset,
396 1366 440 1429 qui
450 1384 501 1414 cum
511 1369 576 1413 horte
591 1364 662 1426 signia
678 1364 726 1409 col·

60 1436 111 1483 latia
122 1441 182 1481 earet
192 1434 340 1483 dimicaturus.
376 1433 413 1487 Se,
429 1448 480 1494 quae
496 1431 587 1479 consilia
602 1428 674 1491 magia
690 1443 727 1475 rea

60 1500 115 1547 dent
125 1500 258 1553 hominibus,
271 1514 336 1560 quam
347 1499 449 1545 hominen
459 1498 531 1549 rebus,
543 1511 569 1542 ea
576 1502 628 1541 ante
637 1502 726 1554 tempus

60 1564 180 1612 inimatum
194 1578 240 1611 non
257 1572 433 1626 praecepturum:
452 1569 536 1624 optare,
552 1566 583 1613 ut,
595 1573 652 1619 quae
661 1565 726 1605 caute

59 1626 468 1755 ttltlllratffi’qld
480 1622 727 1742 affir‘llltt
791 1674 795 1679 ·

60 1759 129 1808 etiam
140 1758 169 1805 ad
179 1756 202 1803 id
211 1758 311 1804 locorum
320 1756 416 1804 fuisse.”
449 1754 478 1801 ld
488 1752 529 1801 rud
542 1760 621 1816 sponte
636 1766 727 1814 apparo·

61 1831 105 1877 nat,
115 1830 166 1871 tuta
176 1821 281 1869 celeribus
292 1822 388 1869 consiliis
403 1821 589 1883 prepoaimrnm:
607 1825 637 1871 et,
649 1831 693 1878 quo
702 1814 727 1861 id

61 1887 201 1935 coustantius
208 1894 364 1948 perseveraret,
377 1884 408 1940 Q,
419 1884 501 1933 Fabina
509 1883 624 1931 Maximur
631 1880 726 1929 siceum

60 1951 239 2015 proficiscentem
250 1951 359 1998 allocutus
368 1949 451 1998 fertur:
724 1992 734 2009 .

95 2014 223 2062 XXXIX.
243 2022 259 2046 ‘⁴
271 2016 295 2063 si
306 2023 344 2063 aut
354 2014 463 2077 collegam
474 2013 508 2077 (id
515 2012 575 2074 quod
584 2008 684 2071 mallem)
692 2009 727 2057 tul

62 2080 166 2133 similem,
178 2078 208 2127 1.
219 2078 305 2133 AErnili,
314 2081 412 2132 haberer,
424 2087 463 2125 aut
472 2087 498 2124 tu
508 2078 601 2139 collegae
608 2077 641 2123 tui
650 2074 727 2122 similia

61 2160 131 2197 am
148 2158 311 2206 supervacanea
329 2151 387 2190 erret
403 2144 474 2191 oratio
490 2158 553 2189 mea:
576 2155 628 2189 nam
645 2147 668 2185 et
681 2138 726 2183 duo

61 2210 115 2257 boni
126 2210 236 2262 consuler,
248 2209 314 2256 etiam
325 2223 362 2255 me
371 2208 489 2261 indicente,
505 2205 605 2253 omnine
617 2197 727 2262 republicd

62 2272 107 2321 lide
126 2271 201 2320 veetrd
216 2272 330 2321 faceretis:
350 2280 373 2319 et
382 2272 434 2319 mali
445 2287 487 2317 nec
496 2284 547 2315 mea
560 2268 628 2314 rerba
639 2264 728 2311 anuline

61 2338 151 2392 vestris,
164 2352 205 2385 nec
216 2337 307 2384 concilia
314 2336 393 2385 animia
400 2333 534 2398 acciperetir.
568 2330 638 2378 Nunc
647 2335 671 2375 et
680 2327 728 2374 col-

61 2402 137 2465 legam
148 2408 213 2451 tuum
223 2408 246 2448 et
262 2408 286 2449 te
302 2402 369 2449 talem
385 2401 458 2449 virum
472 2396 567 2444 intuenti
583 2394 637 2441 mihi
653 2400 727 2461 tectim

63 2468 137 2517 omnia
148 2467 219 2515 oratio
233 2473 281 2523 ert3
298 2481 363 2527 quem
375 2466 441 2512 video
455 2460 601 2523 nequidquam
614 2465 638 2505 et
654 2457 727 2503 virum

61 2532 147 2581 bonum
158 2538 181 2579 et
198 2530 269 2578 elren
279 2530 334 2584 fore,
346 2530 366 2577 ri
376 2526 445 2577 alteri
454 2534 517 2589 parte
526 2524 634 2572 claudicet
651 2535 728 2583 respu-

60 2596 125 2645 blica
151 2595 222 2643 Mun
232 2595 329 2643 consiliii
339 2594 398 2641 idem
408 2608 434 2641 ac
444 2592 508 2639 bonia
514 2589 572 2653 Jurir
579 2596 603 2636 et
612 2584 729 2651 potentatir

62 2662 112 2712 erit·
146 2658 218 2711 Erras
225 2660 292 2715 etaim,
304 2656 334 2707 L.
346 2658 431 2711 Paulle,
442 2656 512 2704 ritibi
521 2654 595 2703 minua
602 2650 729 2701 conaminis
