1809 2950
122 171 128 174 .
187 134 216 181 Τ.
231 133 317 185 Lrvu
332 134 385 184 Lm.
398 135 486 184 XXII.
505 135 614 186 Car-19.
690 144 738 188 sis

74 277 134 323 rum,
161 269 210 310 tum
232 277 343 310 annorum
368 265 449 318 babitu,
476 274 620 327 campestrem
643 268 738 322 hostem,

65 342 170 389 graveria
197 328 263 374 armis
284 329 448 390 statariumque,
471 344 554 404 pugnas
574 345 657 392 genere
676 331 741 378 facile

73 391 149 438 elusit.
190 390 227 438 Its
244 391 360 454 baudquiq
361 408 411 440 uam
433 394 480 456 pari
502 396 622 440 certamine
639 394 740 456 digressi,

74 453 175 516 Hispani
184 455 231 502 lere
242 471 319 502 omnes
329 458 459 511 incolumes,
471 456 575 511 Romani,
593 457 677 519 aliquot
695 460 741 505 suis

73 519 170 573 amissis,
198 521 220 566 in
242 530 314 568 castra
338 521 506 569 contenderunt.
550 521 631 570 Fabius
652 538 742 583 quoque

74 584 147 630 movit
163 591 248 643 castrs;
265 593 459 648 transgressusque
474 587 554 632 ιιιΙιιιι
570 602 636 647 super
652 585 740 640 Allifas,

73 648 125 694 loco
136 648 182 695 alto
196 665 222 696 ae
239 651 326 696 munito
342 652 447 698 consedit
482 650 551 705 Tum,
569 651 741 712 perSamnium

74 711 175 758 Roman
186 729 210 759 se
220 721 296 776 petere
306 715 418 769 simulans,
436 713 550 762 Hannibal
568 730 638 776 usque
654 716 687 760 in
695 714 742 761 Pe-

74 775 151 838 lignus
174 778 340 839 populabundus
359 779 428 826 rediit.
473 779 555 827 Fabius
573 779 658 826 medius
683 780 741 825 inter

74 840 174 888 bostium
182 857 263 904 agmen
274 844 393 903 urbemque
401 843 515 890 Romam
505 845 567 906 jugis
578 843 687 901 ducebat,
698 858 740 890 nec

73 905 191 958 ebsisteue
212 921 253 956 uec
278 907 429 970 congrediens.
472 907 513 955 Ex
531 908 632 969 Pelignis
653 906 740 954 Poenus

73 967 155 1016 flexit
148 976 197 1023 tter,
208 979 309 1033 retroque
317 971 420 1032 Apuliam
432 979 552 1046 ιηιιιιιιιι,ι
553 973 678 1019 Geronium
688 987 740 1047 per-

73 1034 154 1091 veuit3
165 1035 241 1081 urbem
252 1043 319 1087 metu,
332 1036 384 1096 quia
393 1035 490 1096 collapsa
497 1035 565 1080 ruinis
573 1051 623 1096 pars
631 1036 740 1082 moenium

72 1104 128 1151 erat,
145 1099 172 1144 ab
191 1089 236 1144 suis
250 1099 371 1151 desertam
401 1098 527 1145 Dictator
521 1113 544 1143 m
561 1098 667 1146 Larinate
684 1115 739 1162 agro

72 1169 148 1210 matra
157 1163 301 1209 communiit.
320 1163 378 1215 inde,
391 1161 584 1216 sacrorumcausi,
596 1163 739 1211 Romamre-

73 1233 174 1279 vocatus,
193 1242 237 1273 non
253 1228 344 1288 imperio
363 1227 437 1282 modo,
458 1228 495 1274 sed
512 1228 604 1274 consilio
621 1228 695 1282 etiam
714 1243 741 1276 sc

72 1305 144 1352 prope
160 1292 261 1353 precibus
279 1307 348 1353 agens
367 1307 418 1338 cum
437 1293 544 1353 magistro
563 1292 695 1352 equitum‚‘
697 1299 741 1338 ‘ut

71 1355 123 1418 plus
134 1356 233 1409 consilio,
252 1371 317 1416 quam
334 1355 437 1410 fortunae,
456 1357 567 1413 confidat;
584 1364 607 1402 et
624 1372 649 1402 se
666 1356 741 1417 potius
837 1352 840 1357 ⁴

72 1419 161 1475 ducem,
177 1435 242 1482 quam
255 1421 409 1483 Sempronium
421 1419 605 1482 ῙιἾιιιιιίιιὶιιιιιιιιιι4
624 1419 737 1465 imitetur:

73 1499 103 1531 ne
119 1486 175 1533 nihil
190 1493 264 1533 actum
280 1497 386 1539 censeret,
405 1484 505 1533 annecti
521 1501 590 1546 prope
607 1492 684 1531 aestate
701 1499 741 1545 per

72 1548 244 1597 ludificationem
255 1552 337 1597 bestisi
358 1550 455 1597 medicos
472 1565 560 1611 qnoque
569 1550 620 1609 plna
629 1548 740 1594 interdum

72 1613 155 1673 quiete,
163 1629 230 1674 quam
238 1615 348 1661 movendo
356 1615 523 1676 atqueagendo,
531 1612 643 1674 prolicere.
668 1612 739 1659 Haud

73 1692 167 1739 parvam
178 1694 225 1725 rem
236 1694 290 1732 esse,
303 1681 330 1726 ab
340 1681 406 1727 toties
413 1680 499 1726 victore
509 1679 574 1724 hoste
580 1678 640 1724 vinci
648 1677 738 1731 desisse,

73 1749 97 1789 et
115 1743 143 1791 ab
160 1744 272 1789 continuis
286 1744 382 1791 cladibus
400 1741 546 1805 respirasse?
579 1741 639 1789 Haec
650 1741 743 1801 nequid-

72 1820 140 1925 Ιὶιθιιειῖιιι
151 1808 284 1869 premonito
295 1809 402 1871 magistro
413 1808 520 1869 equitum,
536 1805 634 1853 Romam
645 1813 680 1853 est
689 1821 741 1868 pro-

119 1886 152 1917 us.

105 1934 179 1981 XIX.
199 1934 312 1997 Principio
329 1937 420 1990 aestatis,
438 1952 483 1996 qua
502 1937 550 1982 baeo
565 1936 725 1998 gerebanturs
718 1950 741 1981 m

75 1996 187 2061 Hispania
198 2015 286 2068 quoque
296 1998 355 2047 terra
370 2001 470 2059 marique
485 2008 583 2061 coeptum
600 2001 681 2047 bellurn
697 2006 740 2046 est·

73 2060 216 2111 Hasdrubal
218 2063 245 2109 ad
259 2079 310 2111 eum
325 2064 414 2109 navium
430 2079 554 2116 numerum,
570 2080 636 2123 quem
647 2080 661 2110 a
671 2063 741 2111 tratre

71 2127 205 2173 instructum
214 2134 357 2188 paratumque
364 2136 484 2189 acceperat,
495 2128 570 2174 decem
579 2128 671 2188 adjecit·
687 2142 742 2187 qua-

72 2191 176 2267 draginta
191 2192 281 2237 navium
300 2192 392 2238 classem
411 2190 535 2238 Himilconi
553 2190 654 2236 tradidit·
674 2196 742 2249 atque

71 2256 103 2301 ita
114 2253 251 2316 Cartbagine
258 2254 377 2317 proiectus
391 2256 482 2302 navibus
492 2269 561 2316 prope
573 2262 661 2305 terram,
675 2266 741 2297 exer-

72 2320 141 2365 citum
152 2320 176 2365 in
187 2319 251 2367 litore
259 2320 357 2373 ducebat,
367 2328 457 2382 paratus
465 2317 593 2377 confligere,
602 2314 741 2376 quacumque

72 2391 135 2445 parte
159 2384 272 2459 copiarum
298 2385 369 2431 hostis
388 2383 526 2431 occurrisset·
569 2378 613 2427 Cn.
633 2379 739 2440 Scipioni,

72 2455 192 2521 postquam
203 2449 300 2495 movisse
310 2464 339 2495 ex
350 2449 445 2495 bibernis
458 2447 545 2491 hostem
561 2443 652 2497 audivit,
668 2444 741 2504 primo

72 2510 132 2557 idem
149 2513 235 2559 coudlii
246 2513 302 2561 suit:
322 2514 407 2565 deinde,
425 2512 500 2557 minus
517 2506 582 2561 terri,
601 2514 691 2569 propter
706 2508 741 2553 iu·

72 2582 165 2636 gentem
171 2576 253 2623 samam
262 2592 371 2625 novorum
379 2575 519 2627 auxiliorum,
527 2587 658 2619 concurrere
665 2585 741 2624 ausus

63 2638 159 2689 *delecto
169 2641 239 2689 milite
249 2641 277 2689 ad
288 2656 356 2690 naves
368 2640 480 2704 imposito,
497 2638 595 2699 quinque
612 2643 636 2684 et
650 2634 743 2699 triginta
