1809 2950
194 133 326 190 'fimi
341 137 396 189 Lu.
409 138 510 193 xxm
529 138 592 191 cn.
605 145 645 190 is.
706 147 752 189 ssi

84 275 168 332 gerent
183 285 232 346 ⁸isse
248 269 492 348 Romanissoeiisque,
511 270 605 346 possed
622 287 637 318 a
653 269 757 320 Casilino

84 333 755 461 ffiuiifflbffiiffiiffiffffi

85 470 149 524 quot,
173 465 268 526 suspecti
288 463 409 526 Campania
427 465 582 525 timentesque,
605 464 709 511 cavendis
727 479 755 510 ao

85 528 198 575 struendis
214 530 310 576 invicem
328 529 412 576 insidiis
433 529 591 582 traduxissent,
612 530 704 591 jamque
726 528 756 575 de

86 589 174 654 Cspuoe
186 589 315 641 'defectione
332 595 378 656 agi,
397 593 511 655 accipique
530 593 681 640 Hannibalem
700 593 756 639 sstIs

84 655 127 718 pro
138 664 199 704 oerto
210 656 312 712 habuere,
325 657 447 705 interiectis
458 665 525 705 noete
535 659 657 720 oppidanis,
668 661 755 720 partein

84 721 154 774 urbis,
162 724 252 783 quteois
260 723 398 770 Vulturnum
404 730 445 777 sat,
455 724 495 787 (eo
502 724 563 770 enim
569 723 674 770 dividitur
681 718 755 781 amai)

84 785 237 848 scopavero:
256 788 324 848 idque
339 789 467 850 presidium
482 787 576 836 Casilini
586 789 695 836 habebunt
704 787 758 834 Ro-

84 851 153 898 iiiani.
188 853 285 898 Additur
303 860 327 899 et
345 851 454 899 Perusina
473 855 561 908 cohors,
580 854 683 900 homines
699 867 757 912 qus·

85 915 199 978 dringeiiti
216 919 339 980 sexaginta,
358 918 436 964 eodem
453 920 540 971 nunno,
557 934 603 979 quo
620 916 755 965 Praenestini

85 995 172 1042 paucos
181 989 232 1028 ante
242 983 296 1036 dies,
309 981 433 1030 Cosilinum
445 983 567 1043 compidsi:
587 989 610 1028 et
621 984 674 1029 satis
683 982 757 1029 ferme

87 1051 223 1092 armatorum
237 1047 266 1094 ad
281 1053 327 1094 tani
340 1047 422 1108 eidguii
435 1047 527 1100 uioenia,
544 1053 568 1092 et
579 1045 672 1093 flumine
685 1043 756 1093 alteri

86 1117 151 1171 parte
161 1110 239 1164 cincta,
256 1112 339 1158 tuenda
349 1119 409 1158 erat:
428 1111 522 1173 penuria
530 1109 644 1165 frumenti,
661 1111 756 1158 nimium

86 1174 155 1221 etiam
166 1182 191 1221 ut
201 1176 312 1224 videretur
322 1176 446 1230 hommum,
459 1175 574 1223 efficiebat.
606 1171 616 1192 Ι

120 1238 220 1286 XVIII.
240 1240 355 1288 Hannibal
362 1256 414 1287 oiim
421 1241 470 1303 jam
477 1241 530 1286 inde
535 1241 595 1286 haud
604 1239 755 1301 proeulesset,

88 1303 195 1352 Gaetiuos
203 1320 254 1352 oum
265 1302 570 1368 praefeoto,noniine1saled,
581 1305 711 1366 praemittit:
728 1319 757 1351 se

86 1369 169 1430 primo,
181 1368 246 1417 sitiat
253 1370 433 1432 colloquii'oopia,
445 1371 520 1417 verbis
529 1369 632 1435 benignis
641 1369 669 1415 sd
678 1375 758 1430 portas

86 1434 217 1496 aperiendos
227 1434 398 1497 praesidiumque
408 1434 560 1498 accipiendum
568 1433 670 1497 pellioere
675 1433 755 1496 jubeto

86 1499 106 1545 si
118 1499 142 1543 in
150 1498 270 1560 pertineoid
276 1508 382 1563 perstent,
395 1516 442 1548 rem
450 1516 536 1563 gerere,
546 1505 672 1552 setentare,
685 1495 764 1559 siqua·

84 1568 152 1625 parte
166 1564 269 1612 invadere
283 1568 360 1613 urbem
375 1567 452 1628 possit.
489 1565 536 1612 Ubi
548 1565 578 1612 ad
587 1564 672 1611 moenia
681 1577 758 1609 sooes

38 1684 44 1690 ·
85 1625 757 1749 &ilbffllffillllhttffliffl

84 1758 187 1820 {ringere
204 1768 281 1820 parat;
303 1776 361 1814 cuin,
381 1711 606 1821 patefactiiorepente
621 1757 699 1819 portia,
717 1772 757 1803 oo-

85 1824 165 1869 hortes
176 1824 232 1877 duae,
245 1825 273 1871 ad
284 1825 388 1887 idipsum
399 1825 515 1871 instruetae
525 1826 593 1877 intus,
604 1822 692 1885 ingenti
702 1836 756 1869 oum

85 1888 321 1950 tumidtuvemmpunt,
332 1897 474 1951 stragemque
484 1890 582 1936 boatium
591 1888 683 1935 faciunt·
718 1884 757 1933 Its

85 1951 166 2014 primis
176 1954 276 2014 repulsis,
292 1953 417 2007 Maharbal,
434 1970 486 2001 cum
500 1955 584 2017 miijo‘re
600 1954 680 2000 robore
694 1952 756 1998 viro·

46 2048 52 2066 .
87 2032 139 2062 rum
150 2017 237 2070 missus,
251 2019 345 2079 neoipse
355 2020 493 2081 eruptione!
504 2019 630 2065 cohortium
640 2016 755 2064 sustinuit.

86 2080 208 2127 Postremo
220 2082 340 2136 Hannibal,
358 2085 435 2130 castris
451 2091 504 2130 ante
513 2084 562 2145 ipsa
571 2083 655 2129 moenia
665 2080 756 2143 opposi-

87 2146 125 2199 tis,
142 2162 233 2207 parvam
249 2148 325 2194 urbem
335 2150 474 2209 parvumque
486 2147 614 2209 presidium
631 2141 719 2191 summi
732 2143 757 2189 vi

87 2218 156 2271 atque
170 2212 272 2268 omnibus
286 2212 355 2273 copiis
369 2227 497 2274 oppugnare
507 2218 582 2271 paruit
601 2225 635 2261 ³02
652 2208 706 2253 dum
721 2205 758 2281 il}-

88 2281 134 2321 stat
147 2274 286 2337 lacessitque,
306 2274 389 2323 oomni
404 2277 500 2335 undique
517 2271 657 2319 circumdatis
673 2284 756 2317 moeni·

88 2340 138 2391 bus,
160 2340 244 2400 aliquot
260 2341 348 2394 milites,
368 2350 392 2387 et
408 2338 583 2402 promtissimam
602 2350 719 2396 quemque,
742 2348 758 2381 e

88 2419 155 2450 inuio
167 2404 307 2466 turribusque
321 2406 384 2459 ictos,
402 2403 482 2451 amisit
518 2402 594 2449 Semel
607 2401 667 2447 ultio
681 2412 756 2445 erum·

88 2474 168 2531 pontes
178 2470 268 2531 agmine
283 2470 449 2531 elephantorum
461 2466 562 2529 opposito
571 2481 642 2527 prope
651 2462 757 2509 interelu-

88 2534 125 2586 sit,
137 2534 278 2595 trepidosque
287 2535 394 2597 compulit
401 2534 424 2581 in
436 2534 519 2585 urbem,
532 2531 585 2578 satis
595 2529 678 2582 multia,
690 2534 716 2574 ut
726 2539 758 2573 ex

88 2595 152 2645 tanti
161 2598 279 2659 paucitate,
290 2598 425 2647 interiectis:
444 2598 518 2659 plures
525 2595 663 2646 occidissent,
675 2592 699 2667 315
707 2604 757 2669 3¹⁰⁸

89 2662 169 2725 proelio
179 2663 340 2715 intervenisset.
375 2662 471 2711 Postero
485 2663 521 2710 die
535 2662 635 2709 omnium
646 2671 714 2707 animi
727 2655 758 2703 sd
