1809 2950
155 171 203 214 412
262 163 292 214 Τ.
306 164 394 214 LIVII
411 161 465 212 Lus.
479 161 581 212 XXIII.
601 161 662 214 Car.
676 164 716 211 45.

153 311 204 344 csse
213 304 301 343 mutare
311 311 373 343 eam:
393 294 500 350 dedituris
515 310 540 341 se
555 293 679 342 Hannibali
694 308 741 339 non
755 291 831 339 finisse

154 362 311 408 arcessendum
322 360 451 407 Romanum
467 360 608 422 praesidium:
627 374 679 406 cum
692 354 728 411 iis,
743 358 786 418 qui
801 355 830 403 ad
891 365 893 372 '

155 441 179 472 se
194 427 289 473 tuendos
305 426 425 478 venissent,
442 425 518 470 omnia
531 424 572 470 uisi
587 431 610 470 et
624 439 674 470 esse
687 423 829 475 consociata,

154 492 216 537 etad
227 491 330 537 ultimum
340 489 415 537 fore.”
442 487 497 535 Hoc
511 487 646 549 colloquium
660 489 752 534 abstulit
763 502 829 548 spem

109 574 111 582 ·
156 555 278 602 Hannibali
293 570 332 617 per
346 554 494 616 proditionem
505 553 637 615 recipiendae
647 552 732 614 Nolae:
750 552 831 612 itaque

72 673 76 688 x
155 621 259 682 oppidum
271 619 353 666 coroni
365 618 516 672 circumdedit,
532 626 558 664 ut
564 618 635 664 simul
648 618 676 663 ab
689 617 753 662 omni
764 623 830 678 parte

155 685 239 731 moenia
259 684 424 746 aggrederetur.
459 681 536 736 Queru
557 690 583 728 ut
601 682 738 728 successisse
755 680 830 726 muris

155 749 279 795 Marcellus
287 749 348 801 vidit,
358 744 467 793 Instructi
474 747 533 794 intra
539 745 627 808 portam
634 747 689 800 acie,
700 761 753 792 cum
762 761 830 808 mag·

155 829 185 859 no
202 814 299 859 tumultu
314 812 393 874 erupit.
427 812 521 872 Afiquot
537 812 609 874 primo
628 812 715 882 impetu
730 809 830 872 permisi

125 921 129 928 ,
154 878 250 937 caesique
269 883 336 933 sunt3
358 876 417 929 dein,
437 891 549 922 concursu
566 877 595 922 ad
613 883 743 938 pugnantes
758 874 826 927 facto,

155 941 290 1000 aequatisque
299 941 391 994 viribus,
407 947 472 987 atrox
486 941 555 1002 coepit
569 955 619 988 esse
628 955 720 1002 pugna:
739 955 828 985 merno-
891 972 892 981 η

154 1006 270 1065 rabilisque
280 1006 339 1052 inter
348 1021 430 1067 paucas
443 1004 530 1060 fuisset,
546 1005 569 1050 ni
583 1006 713 1067 ingcntrlsus
722 1004 829 1067 procella

153 1069 237 1117 effusus
244 1070 315 1117 Imber
324 1070 449 1117 diremisset
459 1078 593 1131 pugnantes.
614 1069 653 1116 Eo
660 1070 697 1116 die
705 1070 829 1116 commisso

153 1135 242 1181 modico
249 1135 375 1188 certamine,
386 1143 451 1195 atque
459 1134 550 1181 irritatis
558 1135 644 1187 animis,
652 1135 681 1197 jn
688 1135 769 1180 urbem
778 1133 829 1179 Ro-

153 1201 220 1253 mam,
224 1199 291 1246 Poeni
296 1200 320 1245 in
325 1207 404 1254 castra,
410 1213 460 1246 sese
464 1207 605 1261 receperunt:
615 1197 827 1251 tumcnPoenorum,

154 1264 226 1326 primi
231 1265 353 1326 'eruptione
367 1263 471 1326 perculsi,
482 1264 610 1310 ceciderunt
624 1263 684 1310 haud
695 1263 748 1324 plus
759 1278 827 1324 quarn

154 1329 252 1392 triginta,
273 1329 428 1376 Romanorum
445 1328 528 1374 nullus.
558 1326 634 1375 Imber
649 1329 771 1374 continens
786 1342 827 1389 per
890 1324 893 1345 ¹

153 1401 242 1440 noctem
254 1401 324 1440 totam
336 1393 442 1454 usquead
453 1394 531 1439 horam
538 1393 627 1439 tertiam
634 1392 679 1439 diei
686 1392 827 1452 Insequentis

153 1459 238 1505 tenuit:
260 1459 342 1519 itaque,
357 1471 492 1519 quamquam
508 1465 602 1519 utraque
616 1457 739 1520 parsavidi
753 1465 826 1503 certa-
891 1464 893 1476 '

153 1524 220 1569 minis
228 1531 300 1577 erant,
307 1538 340 1570 -eo
351 1524 387 1571 dic
397 1529 517 1569 tenuerunt
528 1538 577 1569 sese
585 1530 660 1569 tamen
668 1523 822 1569 munimentis.

154 1586 233 1634 Tertio
247 1588 283 1634 die
299 1587 413 1635 Hannibal
428 1596 515 1651 partem
531 1588 645 1648 copiarum
659 1586 787 1649 praedatum
801 1587 826 1632 in

152 1668 233 1714 agrum
243 1652 359 1699 Nolanum
371 1653 444 1699 misit:
464 1652 525 1712 quod
535 1653 572 1699 ubi
586 1652 744 1698 anImadvertit
759 1650 826 1697 Mar·

152 1717 229 1770 cellus,
241 1716 355 1779 extemplo
366 1718 389 1763 ln
400 1717 471 1763 aciem
481 1717 557 1779 copias
566 1716 652 1764 educit:
671 1731 746 1777 neque
757 1714 824 1762 Han-

152 1782 212 1828 nibal
229 1782 367 1829 detrectavit.
400 1780 468 1829 Mille
483 1782 531 1829 fere
546 1796 651 1844 passuum
669 1782 728 1827 inter
745 1782 822 1827 urbem

151 1852 215 1892 erant
226 1853 353 1906 castraque:
370 1862 397 1893 eo
409 1847 480 1909 spatio
492 1848 527 1911 (et
537 1854 590 1893 sunt
600 1846 677 1892 omnia
684 1846 756 1907 campi
765 1846 823 1891 ciros

153 1907 248 1969 Nolam)
260 1918 427 1957 concurrerunt.
449 1909 548 1965 Clamor,
561 1926 590 1958 ex
598 1918 661 1973 parte
669 1908 764 1970 utrique
772 1910 822 1956 sub·

45 1998 49 2012 x
82 2034 83 2037 Ἰ
151 1976 216 2026 latus,
233 1974 347 2035 proximos
358 1990 387 2021 ex
397 1976 526 2023 cohortibus
536 1976 570 2029 iis,
586 1990 639 2035 quae
650 1974 822 2037 inagrosprae·

152 2038 228 2085 datum
245 2038 352 2092 exierant,
371 2040 398 2085 sd
415 2040 520 2101 proelium
531 2042 580 2103 ‚iam
595 2040 742 2086 commIssum
758 2054 821 2085 revo-
891 2054 893 2065 ·

112 2116 114 2121 ·
152 2104 218 2149 eavit.
249 2102 282 2149 Et
297 2102 381 2150 Nolani
394 2106 464 2151 actem
478 2105 604 2152 Romnum
619 2111 744 2151 cuxenmt:
765 2108 821 2164 quos

152 2168 288 2215 collaudatos
299 2168 422 2226 Marcellus
433 2170 457 2215 in
468 2170 570 2217 subsidiis
580 2176 646 2222 sure,
663 2176 686 2215 et
697 2168 785 2214 saucios
794 2182 822 2213 ex

152 2234 199 2280 acie
209 2232 287 2279 efferre
298 2233 381 2295 jussit3
398 2232 475 2297 pugni
484 2236 601 2288 abstmere,
618 2234 642 2279 ni
656 2234 685 2280 ab
697 2248 723 2279 se
733 2233 821 2295 signum

152 2298 297 2358 accepissent.
591 2346 596 2359 ¹

185 2361 264 2409 XLV.
287 2358 395 2409 Proelisni
411 2370 459 2410 erat
474 2378 571 2425 anceps:
589 2360 711 2409 summisi
722 2369 745 2408 et
756 2362 822 2408 duces

151 2425 301 2480 hortabantur,
320 2434 343 2473 et
358 2428 439 2475 milites
456 2429 593 2491 pugnabant.
622 2426 747 2474 Marcellus
759 2427 822 2472 victis

150 2490 271 2535 antediem
282 2492 379 2547 tertium,
391 2492 476 2555 sugatis
490 2500 542 2539 ante
556 2507 641 2554 paucos
652 2492 724 2541 dieas
736 2488 820 2543 crrmis.

150 2554 218 2613 pulsis
228 2556 303 2615 priore
314 2570 374 2602 anno
384 2558 411 2603 nh
423 2556 485 2604 Nolis
497 2559 525 2603 ab
540 2558 619 2604 eodem
636 2571 661 2603 se
676 2556 740 2609 duce,
754 2555 822 2601 milite

148 2616 199 2669 ¹15⁰,
223 2618 307 2666 instare
320 2622 390 2683 jubet
435 2629 451 2653 “
469 2621 525 2669 Non
542 2636 621 2669 omncs
641 2636 692 2669 esse
712 2621 737 2667 in
755 2620 818 2667 acic:
891 2617 893 2632 '
