1809 2950
159 159 208 206 sss
267 155 296 204 T.
311 150 400 204 [Μ
415 153 469 204 er.
481 153 582 205 xxm
601 153 663 206 eu.
677 159 718 204 24.

160 283 275 334 nri'esuet
287 287 395 348 populum
411 286 443 334 de'
452 285 503 333 soro
516 287 647 333 abducerctr
667 301 742 348 neque
751 284 830 332 iumen

158 351 260 413 elsugiiit
269 367 324 398 curs
333 353 448 397 hominum
459 349 488 397 eri
496 349 573 408 moni3
588 350 765 412 frequentesque
777 365 830 397 curm

158 415 251 462 domum
261 416 406 464 deduxerunt.
443 413 531 463 Consul
540 422 608 462 nocte
617 415 832 476 insequentisdexs

159 480 254 526 ercitum
265 481 336 534 rediit,
353 494 399 526 non
409 479 469 526 iacto
483 480 577 527 certiore
587 486 673 534 senatu,
686 495 717 526 ne
726 480 831 526 comitio-

159 559 211 592 rum
222 543 288 592 censi
298 545 321 590 in
332 546 386 591 urbe
396 545 534 591 retineretur.

192 608 290 656 XXIV.
310 608 406 656 Postero
423 609 459 655 die
469 609 608 655 consultura
619 608 684 654 Man.
699 607 829 670 Pomponio
889 662 891 669 J

159 681 256 736 praetore
267 681 356 720 senstus
366 674 472 727 decrevit,
484 674 585 719 dictatori
595 673 745 727 scribendum,
758 673 799 726 uti,
809 672 829 718 si

160 751 174 785 e
191 737 301 800 republicis
316 744 416 784 censeret
433 753 490 790 esse,
507 738 536 783 ad
552 737 654 784 consules
672 738 827 800 subrogandos

159 803 247 850 veniret
262 817 312 847 cum
327 802 435 862 magistro
452 803 553 862 equitum
567 809 590 848 et
603 808 701 863 praetore
711 802 750 848 M.
764 801 827 848 Mur·

159 867 223 919 cello,
241 873 266 912 ut
280 878 309 912 ex
323 865 351 912 iis
365 867 514 926 praesentrbus
529 882 621 913 noscere
632 865 714 912 Patres
728 873 824 928 possent,

159 945 205 992 quo
221 936 280 976 ststu
293 931 417 992 respublica
432 938 499 986 esset,
517 931 652 992 consiliaque
665 945 696 977 ex
710 933 778 978 rebus
790 946 826 977 cs·

158 1002 243 1058 perent.
280 994 327 1048 Qui
344 995 409 1042 acciti
426 1004 497 1050 eraut,
515 1011 594 1042 omnes
609 1002 729 1049 venerunt,
746 995 826 1042 relictis

149 1058 246 1121 legetis,
266 1060 305 1121 qui
321 1060 445 1121 legionibus
460 1067 589 1122 prseessent.
624 1059 740 1114 Dictator,
758 1061 788 1107 de
804 1075 828 1107 se

159 1138 231 1186 peuce
241 1139 267 1170 sc
277 1125 364 1172 modice
374 1125 470 1179 locutus,
482 1125 506 1170 in
516 1127 648 1187 msgistrum
659 1125 770 1185 equitum,
787 1123 825 1170 11,

160 1189 318 1250 Sempronium
327 1191 463 1243 Gracchum,
474 1205 580 1252 msgnsm
590 1196 676 1250 pestem
686 1191 767 1251 gloriae
777 1203 827 1236 ver-

160 1253 203 1310 tit,
220 1253 352 1314 comitiaque
362 1253 437 1307 edixit,
452 1255 531 1314 quibus
542 1254 571 1300 L.
585 1253 716 1300 Postumius
726 1254 826 1308 tertium,

159 1318 246 1370 absens,
258 1319 296 1379 qui
306 1326 354 1364 tum
367 1319 464 1366 Galliam
473 1319 610 1380 provinciam
621 1319 742 1372 obtinebat,
752 1326 777 1365 et
786 1317 824 1364 ’Ῑὶ

160 1383 306 1444 Sempronius
318 1383 441 1437 Gracchus,
459 1385 497 1444 qui
512 1391 561 1430 tum
578 1384 684 1444 magister
693 1383 795 1444 equitum
803 1386 827 1429 'et

160 1446 231 1495 sedilis
250 1447 332 1497 curulis
350 1455 404 1501 erat,
425 1448 528 1495 consules
544 1455 677 1495 crearentur.
712 1446 827 1495 Praetores

159 1512 213 1559 inde
233 1514 308 1567 creati,
331 1513 366 1560 M.
387 1514 492 1559 Valerius
512 1513 627 1567 Laevinus,
650 1515 695 1575 Ap.
719 1511 827 1561 Claudius

160 1572 265 1631 Pulcher,
284 1577 317 1631 Q,
330 1577 424 1625 Fulvius
441 1577 542 1632 Flaccus,
562 1577 594 1631 Q,
607 1578 699 1624 Mucius
715 1577 825 1625 Scaevoh.

159 1640 274 1695 Dictator,
287 1643 366 1689 creetis
376 1643 548 1705 magistratibus,
553 1641 656 1689 Teanum
666 1644 690 1687 in
700 1641 829 1688 bibernaad

159 1707 282 1753 exercitmn
300 1708 370 1760 rediit,
391 1706 469 1761 relicto
485 1708 594 1769 magistro
609 1708 710 1767 equitum
727 1706 826 1764 Romu

159 1770 204 1830 qui,
217 1786 270 1817 cunr
279 1780 331 1832 post
340 1787 423 1834 paucos
434 1772 481 1818 dies
488 1772 642 1834 magistratum
652 1772 748 1817 initrrrus
757 1778 825 1824 esset,

159 1834 337 1881 de‘exercitibus
353 1836 474 1883 scribendis
490 1837 685 1899 comparandisque
703 1837 728 1881 in
741 1850 826 1881 anr-

159 1896 240 1944 Pstres
250 1899 383 1947 consuleret.
419 1900 480 1949 Cum
492 1916 528 1947 cae
541 1905 581 1947 res'
591 1901 687 1947 maxime
697 1906 824 1961 sgermhtrs

159 1975 218 2007 nova
228 1961 301 2009 clades
312 1965 419 2017 nuntints,
435 1966 500 2011 sliam
511 1981 577 2027 super
589 1965 654 2011 ollem
664 1965 793 2011 cumulante
802 1964 826 2009 ia

159 2041 211 2073 eum
227 2041 311 2073 snnurn
326 2027 432 2087 fortund3
450 2029 480 2075 L.
494 2028 642 2082 Postumium,
660 2030 777 2078 consulem
786 2028 824 2074 de-

148 2092 279 2153 signatum,
296 2092 320 2137 iu
332 2090 412 2147 Gellii,
430 2094 505 2154 ipsum
515 2101 582 2155 atque
592 2094 713 2140 exercitum
730 2093 822 2139 deletos.

160 2156 223 2204 Silva
232 2164 280 2205 eret
289 2164 359 2211 vasta,
371 2156 490 2221 (Litanam
502 2159 563 2205 Gelli
573 2156 692 2217 vocabant)
704 2156 751 2218 qui
759 2172 825 2204 exer·

158 2221 229 2267 citum
245 2222 387 2269 troducturus
404 2229 466 2269 erat:
485 2224 533 2284 ejus
550 2223 613 2269 silvae
629 2220 709 2269 dextri
724 2220 826 2283 laeviqae

157 2284 217 2331 circs
231 2286 291 2333 viam
308 2288 368 2333 Galli
378 2288 468 2333 arbores
484 2287 516 2333 its
533 2287 662 2340 inciderant,
680 2295 707 2334 ut
725 2288 826 2333 immotae

157 2354 249 2402 starent,
260 2359 375 2397 momento
382 2351 426 2397 levi
433 2351 536 2412 impulsae
543 2352 675 2397 occiderent.
711 2350 828 2413 legiones

155 2410 211 2457 dues
223 2412 338 2461 Romanas
349 2416 440 2461 habebat
451 2414 588 2469 Postumius,
604 2416 735 2475 sociiimque
745 2417 774 2461 ab
785 2416 827 2463 Su-

156 2488 210 2531 pero
229 2474 291 2521 Mari
310 2486 397 2525 tantum
414 2480 581 2539 conscripserat,
601 2487 627 2525 ut
637 2480 719 2541 viginti
729 2480 828 2540 quinque

155 2536 225 2583 millia
234 2548 370 2587 armatorum
384 2543 408 2587 in
424 2558 491 2604 egros
501 2544 599 2589 bostium
609 2544 731 2591 induxerit.
766 2544 827 2591 Galli

155 2610 218 2643 oram
226 2608 335 2651 extremae
345 2605 408 2651 silves
416 2621 468 2652 cum
478 2608 679 2661 circumsedissent,
687 2608 726 2655 ubi
735 2608 827 2655 intrarit

146 2670 238 2719 “tmen
244 2664 333 2723 fflmm,
341 2674 390 2715 tum
400 2672 626 2727 extrenmrborsm
636 2672 776 2721 mocianum
785 2673 828 2721 im·
889 2713 890 2750 ;
