1809 2950
200 179 229 230 T.
243 145 398 232 lelrLrs
412 179 498 230 XXII.
518 180 629 232 cuns&
695 189 742 234 881

85 323 155 374 μευ
171 311 199 358 ab
214 312 291 358 hostes
315 312 389 372 itaque
403 327 443 374 per
458 312 592 374 interregem
606 313 696 360 comitia
708 314 749 361 bs·

88 377 160 424 beotia
169 391 219 422 esse
228 376 307 438 potius,
325 391 390 436 quam
406 377 523 423 consulum
537 377 592 422 alter
605 377 686 429 abeilo
695 392 750 424 avo-

87 439 204 488 uaretur.''
237 439 345 486 Patribus·
355 441 436 486 rectius
449 441 522 486 visum
536 447 579 493 est,
595 440 752 488 dictatoresue

86 505 183 550 eonsule
199 503 241 550 aiei
258 504 397 550 comitiorum
414 504 563 550 hahendomm
580 502 661 550 causi:
679 503 751 551 dietrrs

90 567 120 614 L.
134 568 241 614 Veturius
252 567 325 621 Philo,
343 567 446 614 Manium
458 566 606 629 Pomponium
616 567 750 615 Matbonun

86 633 222 692 magistrum
238 633 337 692 equitum
352 631 414 678 dixit.
450 631 497 677 His
506 632 561 678 vitio
571 631 658 685 orestis,
670 632 752 692 jussis·

89 709 134 756 que
144 696 181 742 die
193 696 357 755 qsurtodeoimo
371 711 396 742 se
409 697 541 758 magistram
550 696 656 750 abdicare,
673 696 701 743 sd
716 697 752 742 in·

90 767 221 822 terregnum
232 773 266 806 res
277 760 347 806 rediit·

83 879 87 886 ι
123 822 246 870 xxxiv.
261 821 394 871 Consulibus
404 832 546 885 prorogatum
557 825 580 870 iu
588 839 671 871 annuns
680 825 752 886 impe·

86 888 164 934 aium:
183 888 304 948 interreges
314 887 393 948 proditi
404 903 418 934 a
429 887 531 935 Patribus
539 887 568 936 C·
577 887 691 944 Claudius,
703 890 749 950 Ap·

88 951 156 1004 filius,
170 949 266 1004 Centho,
278 952 329 997 inde
340 951 366 997 P.
379 950 498 999 Cornelius
507 953 585 998 Asina.
620 953 648 999 In
659 955 707 1017 ejus
716 954 753 1000 in·

88 1023 196 1076 tenegoo
211 1016 299 1062 comitia
308 1017 381 1062 habits
390 1029 474 1077 magno
488 1017 606 1062 certamine
617 1016 709 1064 Patrum
725 1033 752 1064 ae

86 1080 167 1142 plebis.
202 1078 231 1127 C.
244 1078 350 1126 Terentio
361 1079 458 1126 Varroni
469 1080 553 1141 (qua,
569 1080 603 1124 sui
612 1083 701 1141 genesis
710 1083 752 1129 ho-

88 1143 182 1196 minem,
200 1143 270 1204 plebei
280 1144 424 1190 insectatione
438 1143 560 1204 principum
570 1143 753 1206 popularibusque

88 1209 174 1254 artibus
185 1207 331 1260 conciliatum,
349 1209 376 1254 ab
393 1206 425 1261 Q.
437 1205 501 1254 Fabii
515 1206 592 1268 opibus
605 1215 628 1253 et
637 1208 753 1256 dictatorio

89 1271 185 1333 imperio
201 1273 314 1318 concussis
324 1270 394 1318 alieni
403 1268 486 1318 invidit
496 1271 653 1332 splendentem,
670 1273 752 1334 vulgus

86 1343 115 1382 et
125 1336 241 1382 extrahere
251 1336 278 1382 ad
288 1337 426 1382 consulatum
440 1333 561 1394 nitebatur)
578 1334 656 1382 Patres
667 1335 754 1383 summi

88 1415 135 1461 ope
146 1401 267 1453 obstabant,
285 1415 314 1446 ne
324 1415 348 1446 se
357 1400 486 1446 insectando
497 1400 538 1446 sibi
548 1400 630 1459 aequsri
640 1415 753 1446 assuesce·

90 1471 143 1511 resst
154 1464 261 1511 homines.
297 1463 329 1518 Q,
342 1463 432 1511 Baebius
443 1463 579 1517 Herennius,
597 1464 754 1525 tribunusple-

51 1556 53 1558 -
89 1530 133 1582 bis,
151 1536 260 1591 cognatus
275 1526 302 1577 C.
316 1528 423 1583 Terentii,
440 1527 576 1575 criminando
591 1544 637 1574 non
653 1536 754 1575 sensnm

91 1593 169 1646 modo,
182 1594 222 1639 sed
233 1592 299 1640 etiam
309 1608 411 1655 augures,
423 1594 483 1653 quod
493 1593 622 1639 dictatorem
632 1592 755 1654 prohibuis-

91 1664 147 1703 sent
162 1658 251 1703 eomitia
261 1656 370 1718 perfluere
388 1672 426 1719 per
441 1658 546 1703 iuvidiam
561 1672 640 1703 eorum
653 1656 752 1704 levorem

91 1718 210 1767 oanffidsto
219 1736 259 1768 suo
268 1721 401 1769 conciliabat.
438 1728 453 1750 “
461 1721 499 1767 Ab
507 1722 632 1767 bominibus
639 1720 753 1776 nobilibus,

91 1798 133 1847 pes
143 1785 226 1831 multos
236 1800 306 1831 annos
316 1786 397 1832 bellum
407 1786 562 1846 querentibus,
575 1785 723 1832 Hannibalem
731 1787 754 1834 in

95 1848 185 1897 Italiam
199 1850 332 1896 adductum:
351 1851 378 1897 ab
393 1850 478 1902 iisdem,
497 1865 547 1896 oum
561 1850 661 1897 debellari
675 1850 753 1912 possit,

92 1912 171 1959 hande
181 1913 204 1959 id
213 1914 295 1960 bellum
305 1915 376 1961 trabi:
396 1929 447 1960 oum
457 1922 552 1973 quatuor
558 1915 653 1961 militum
660 1915 755 1977 legioni·

93 1978 138 2023 bus
147 1977 255 2025 universis
264 1978 359 2039 pugnari
372 1993 438 2040 posse
451 1979 579 2039 apparuisse
587 1995 623 2033 eo,
640 1980 699 2041 quod
714 1979 751 2025 Μ.

94 2041 219 2095 Minucius,
235 2044 325 2089 absente
341 2042 416 2096 Fabio,
433 2058 538 2103 prospere
548 2042 684 2105 pugnisset3
701 2043 756 2089 (iuss

93 2105 195 2167 legiones
205 2106 263 2152 hosti
275 2107 302 2153 ad
310 2106 393 2153 oaedem
404 2108 506 2169 obJeetas,
518 2107 597 2153 ddude
603 2122 632 2153 ex
639 2106 687 2167 ipsi
694 2106 756 2152 caede

93 2175 188 2231 ereptas,
201 2178 227 2217 ut
237 2170 305 2217 Pater
315 2169 470 2231 Patronusque
479 2172 629 2232 appellaretur,
647 2170 684 2229 qui
695 2169 755 2229 prius

94 2361 178 2408 bellum
185 2363 284 2413 traxisse
319 2359 756 2416 Idioedusinteromnesnobilesictum

94 2440 138 2473 uso
148 2425 215 2473 finem
231 2434 283 2473 note
296 2427 346 2473 belli
360 2428 479 2479 babituros,
495 2438 561 2485 quam
575 2423 689 2469 consulem
702 2436 756 2469 sess

93 2486 212 2552 plebem,
228 2491 253 2536 id
271 2498 312 2545 est,
330 2492 442 2539 bominem
456 2502 549 2541 novum,
567 2486 684 2533 iecissent:
705 2501 756 2532 nsm

94 2554 193 2615 plebeios
208 2554 293 2601 nobiles
304 2556 352 2618 jam
367 2554 449 2603 eisslem
464 2553 561 2599 initiatos
576 2566 626 2598 esse
641 2551 715 2603 sacris,
731 2557 756 2597 et

95 2624 240 2665 contemnere
248 2618 342 2680 plebem,
358 2634 387 2666 ex
397 2634 442 2679 quo
452 2616 564 2664 contemni
575 2616 679 2663 dederint
688 2630 702 2661 a
710 2613 755 2661 Pa-

91 2682 173 2739 sn'bus,
190 2684 291 2747 ooepisss.
325 2683 373 2734 Cui
389 2696 435 2732 noo
449 2682 474 2731 isl
484 2696 594 2745 apparere,
610 2680 633 2727 id
643 2686 717 2729 sctruu
727 2687 756 2726 et
