1809 2950
195 165 224 214 T.
237 165 325 216 LIVlI
341 164 394 216 Lis.
407 166 495 218 xm
514 167 628 220 Cer-⁴9-
693 173 746 219 ³45

73 295 180 356 quenn-
190 296 271 358 pmrm
281 295 392 359 rogim
402 298 483 362 muse
503 297 619 360 ruspans
629 305 654 345 et
664 299 746 346 nun·

55 408 57 414 .
74 359 171 422 pedite&
187 361 236 422 jam
251 360 317 408 Afris
335 378 403 424 prope
420 363 486 410 fessis
504 364 566 410 crede
583 364 656 426 magis
675 377 745 424 qunm

176 425 203 470 ad
259 427 283 470 't

82 523 85 530 .
111 439 299 536 fflxpmpproe
316 488 384 536 elteri
401 506 485 554 pugnre
503 491 593 545 Paulus,
611 505 744 552 qumquam

75 553 153 614 primo
164 554 239 599 statim
249 554 328 614 proelio
334 553 403 601 ruunt
410 557 572 618 grenterictus
579 556 658 609 fureret,
669 562 748 601 tamen

78 623 104 664 et
115 617 213 663 occurrit
223 633 282 679 saepe
296 633 346 664 cum
361 619 466 666 consertis
480 621 608 673 Hannibali,
624 628 648 666 et
661 620 746 679 aliquot

77 680 137 726 locis
153 682 255 742 proelium
272 683 374 735 restituit,
390 686 558 747 protegentibus
571 700 622 732 eum
636 683 749 744 equitibus

79 744 192 792 Romanis
199 761 207 801 3
224 746 310 792 omissis
324 754 436 809 postremo
450 751 519 809 equis,
534 750 586 810 quia
599 748 713 794 consulem
723 753 749 793 et-

78 808 111 856 ad
119 810 243 870 regendum
254 825 335 870 equum
346 812 404 858 vires
418 812 553 860 deficiebant.
587 813 648 859 Tum
661 811 748 859 denun-

79 872 147 920 nanti
161 874 255 927 cuidem,
266 875 360 936 jussisse
370 877 485 922 consulem
495 878 523 923 nd
536 879 603 938 pedes
615 876 750 924 descendere

80 937 176 998 equites,
189 938 270 984 dixisse
281 938 430 986 Hannibalern
439 939 525 987 ferunt:
544 948 560 970 ‘⁶
567 941 641 994 Quum
649 941 751 993 mollenis

79 1001 172 1048 vinctos
186 1003 239 1047 mihi
254 1003 349 1048 traderet
356 1003 380 1050 !”
406 1003 515 1063 Equitmn
525 1005 626 1065 pedestre
635 1005 751 1066 proelium·

80 1065 149 1125 quale
162 1067 210 1128 jorn
229 1065 288 1112 hund
305 1065 370 1113 dubit
385 1068 482 1114 hostium
498 1067 597 1121 victorit,
615 1068 672 1125 fuit3
695 1083 747 1114 eum

80 1129 138 1176 uicti
149 1131 205 1175 mori
215 1131 239 1176 in
249 1132 345 1192 vestigio
354 1132 451 1185 mallent,
464 1147 530 1192 quum
537 1131 629 1194 fugere3
643 1133 752 1185 victores»

81 1195 221 1240 morantnus
236 1195 351 1242 victoriam
365 1197 421 1250 irati,
440 1197 581 1250 turcidnrent,
599 1211 654 1256 quos
667 1196 750 1258 pellere

76 1261 133 1304 *noni
148 1266 257 1320 poterant.
292 1259 428 1322 Pepulerunt
444 1269 518 1307 temen
528 1262 576 1324 jam
586 1275 670 1322 penem
683 1275 751 1320 supe-

82 1330 166 1376 rantes,
183 1329 206 1368 et
216 1324 290 1370 labore
300 1339 326 1370 nc
336 1325 550 1372 vulnenlrusfessos·
585 1323 642 1370 Inde
652 1323 750 1384 dissipeu'

83 1401 165 1434 omnes
176 1395 234 1440 sunt,
250 1403 362 1450 equosque
376 1389 497 1452 adingem,
514 1391 550 1449 qui
560 1393 669 1450 poterent,
686 1402 750 1448 repe-

83 1451 168 1499 tebant.
204 1450 252 1512 Cn„
259 1451 375 1507 Lentulus,
388 1453 489 1501 tribunus
498 1454 601 1506 militum,
616 1467 675 1506 cunr,
690 1466 749 1514 prae-

82 1518 203 1563 tervehens
219 1533 283 1578 equo,
303 1518 415 1565 sedentem
432 1520 456 1564 in
473 1534 527 1565 sexo
543 1533 621 1564 cruore
636 1517 750 1579 oppletum

82 1581 200 1627 consulem
207 1582 311 1639 vidisset;
325 1580 573 1643 “LAEmili,”inquit‚
584 1589 673 1642 “quem
679 1595 749 1627 unum

83 1643 198 1691 insontem
209 1646 279 1707 oulpae
291 1647 357 1693 clodis
367 1648 480 1694 hodiemae
491 1647 532 1694 Dii
543 1648 651 1708 respicere
660 1646 749 1698 debent,

83 1718 149 1771 nepe·
157 1711 216 1756 hunc
229 1726 316 1771 equum,
335 1712 387 1757 dum
398 1719 421 1758 et
431 1712 471 1759 tibi
484 1712 564 1758 virium
578 1710 660 1772 aliquid
674 1724 750 1771 super·

84 1780 136 1819 est:
154 1790 230 1821 comes
244 1791 289 1837 ego
303 1783 326 1822 te
339 1776 416 1823 tollere
431 1791 523 1837 possum
533 1791 560 1822 nc
569 1782 700 1837 protegere:
721 1788 754 1821 ne

84 1836 197 1885 noestam
208 1840 264 1885 hunc
274 1854 372 1901 pugnem
380 1848 452 1887 morte
460 1840 649 1887 consulisfeceris·
674 1838 751 1887 Euam

84 1901 135 1948 siue
149 1903 204 1957 hocf
215 1904 361 1964 lacrymarum
377 1905 430 1951 setis
445 1906 562 1965 luctusque
577 1903 638 1951 est”
670 1903 709 1950 Ad
724 1917 753 1949 es

85 1967 180 2013 consul:
206 1974 221 1996 ‘⁴
232 1967 269 2015 Tu
286 1969 380 2029 quidem,
402 1967 445 2017 Cn.
461 1968 559 2023 Corneli,
579 1976 652 2017 mscte
668 1969 754 2015 virtute

86 2030 149 2079 estol
177 2032 222 2078 Sed
231 2047 292 2085 cave,
306 2033 389 2080 frustra
398 2034 530 2087 miserendo,
546 2048 652 2095 agnum
663 2039 752 2092 tempus

85 2110 100 2141 e
113 2095 214 2142 mamlius
228 2096 324 2143 hostium
339 2098 445 2145 euadendi
460 2100 568 2144 absim
603 2098 655 2149 Abi,
673 2095 759 2158 nuntie,

86 2160 174 2221 publice
182 2159 292 2215 Patribus,
305 2163 380 2208 urbem
391 2162 517 2209 Romanum
528 2162 635 2212 muniant,
647 2175 674 2205 ac
681 2158 751 2220 prim,

86 2238 154 2285 quarn
162 2224 232 2270 hostis
243 2225 314 2271 victor
324 2226 431 2280 adveniet,
443 2226 552 2288 prresidiis
560 2224 660 2270 firment:
678 2222 754 2282 privs·

87 2287 172 2349 timque
182 2288 213 2343 Q,
220 2288 296 2343 Fabio,
309 2290 337 2336 L.
347 2291 464 2337 AErnilium
475 2287 694 2351 preceptomm‘q‘us
703 2299 753 2330 me·

85 2365 174 2399 morem
184 2360 208 2398 et
217 2353 305 2407 vixisse,
322 2362 345 2401 et
355 2355 425 2401 edhuc
435 2354 499 2399 mori.
534 2352 577 2398 Me
588 2352 612 2395 in
624 2351 666 2395 hsc
677 2355 756 2409 strage·

86 2416 184 2465 militium
192 2431 292 2463 meorum
300 2425 375 2479 patere
382 2418 501 2478 exspirare,
510 2431 539 2461 ne
546 2423 585 2461 aut
592 2429 643 2460 reus
650 2414 731 2459 iterum
738 2426 754 2457 e

86 2480 204 2529 consuntu
211 2481 259 2534 sim,
266 2488 424 2528 nutsccusstor
430 2481 523 2541 collegre
529 2480 640 2530 exsistam,
649 2476 757 2523 utslieno

86 2544 180 2591 erimine
195 2545 344 2592 innocentiam
360 2560 432 2592 meam
449 2541 592 2605 protegnm.”
625 2540 685 2587 Haee
703 2540 756 2586 exi-

87 2614 168 2667 gentes
179 2609 240 2686 prius
254 2610 318 2655 turbs
329 2609 463 2671 fugientium
470 2609 565 2661 nivium,
579 2606 658 2653 deinde
667 2607 751 2658 hostes,

86 2685 229 2736 oppresserat
248 2674 369 2730 consident,
381 2674 509 2739 ἰςιοηηίω
519 2673 570 2737 quis
578 2679 646 2729 esset,
660 2666 759 2718 obruere
