1809 2950
196 145 225 192 Τ.
240 143 328 193 LIVII
345 145 397 194 Las.
412 145 515 194 XXIII.
535 147 595 196 Car.
609 152 647 194 40.
707 149 754 194 407

84 273 169 323 'litatis
177 281 247 330 erant,
260 275 389 323 transducto
398 277 504 332 exerdtn,
516 276 599 324 Fabius
607 291 673 340 super
680 275 757 322 Vesu-

86 343 149 388 vium
165 343 188 386 in
204 341 282 388 castris
298 339 427 389 Claudianis
443 342 558 400 consedit;
577 342 630 388 inde
642 341 679 388 M.
690 341 757 387 Mar-

84 406 168 452 cellum
177 407 339 468 proconsulem,
352 421 403 452 cnm
414 408 441 454 iis
450 408 519 469 copiis
529 422 585 468 quas
592 408 691 459 habebat,
704 404 757 450 No-

86 471 132 518 lam
143 471 167 516 in
178 471 303 532 praesidium
315 473 382 517 misit.

121 535 177 580 XL.
194 535 227 582 Et
238 536 261 580 in
274 531 374 582 Sardinii
384 552 420 584 res
428 553 468 598 per
475 536 505 582 T.
514 536 627 582 Manlium
635 542 755 597 praetorem

86 600 234 646 administrari
246 607 334 662 saeptae,
347 615 398 661 quae
409 603 499 648 omissae
509 608 579 654 erant,
591 608 709 662 postquam
722 599 754 653 Q.

86 665 181 712 Muclus
191 671 275 726 praetor
285 667 349 726 gravi
360 667 438 712 morbo
449 673 484 712 est
494 667 621 728 implicitus.
645 665 754 717 Manlius,

85 731 180 776 navibus
191 729 265 792 longis
276 731 304 776 ad
316 729 407 778 Carales
418 732 538 785 subductis,
551 732 709 790 navalibusque
720 746 758 775 so-

85 795 127 841 ciis
138 795 236 848 armatis,
252 803 278 841 ut
288 795 348 842 terri
358 811 405 842 rem
416 804 512 859 gereret,
529 804 552 843 et
562 813 576 843 a
585 804 681 858 praetore
692 809 758 841 exer-

86 861 134 906 citu
150 867 248 921 accepto,
267 861 311 906 duo
326 868 349 906 et
363 861 442 922 viginti
458 862 527 908 millia
538 863 644 923 peditum,
662 861 723 906 mille
734 866 758 905 et

85 925 198 971 ducentos
209 925 293 986 equites
304 925 407 972 confecit.
428 924 488 973 Cum
496 927 531 971 his
539 927 638 987 equitum
647 926 759 988 peditum-

86 1005 133 1051 que
143 991 212 1051 copiis
223 990 335 1051 profectus
350 991 373 1035 in
389 1003 468 1052 agrum
483 991 588 1044 hostium,
606 991 665 1037 haud
679 989 759 1052 procul

85 1056 116 1102 ab
136 1054 293 1116 Hampsicorae
312 1056 389 1102 castris
409 1063 481 1102 castra
496 1056 577 1116 posuit.
607 1055 759 1117 Hampsicora

86 1129 137 1167 tum
149 1119 207 1166 sorte
217 1120 330 1182 proiectus
341 1127 388 1166 erat
398 1121 422 1165 in
434 1120 528 1166 Pellitos
539 1119 627 1171 Sardos,
640 1120 759 1181 adjuven-

85 1193 161 1232 tutem
178 1187 313 1238 armandam,
334 1183 377 1245 qui
394 1186 469 1246 copias
484 1192 582 1246 augeret.
614 1183 686 1230 bilius
702 1186 758 1246 ejus,

86 1251 180 1296 nomine
192 1249 295 1303 Hiostus,
311 1251 388 1296 castris
399 1257 506 1312 praeerat:
525 1251 551 1303 is,
568 1247 717 1295 adolescentia
727 1249 761 1296 fe·

86 1329 138 1367 rox,
155 1322 239 1360 temere
253 1315 334 1376 proelio
346 1315 409 1368 inito,
425 1314 489 1361 fusus
498 1314 640 1376 fugatusque.
668 1314 707 1360 nd
718 1315 761 1362 tria

86 1380 158 1425 millia
169 1379 289 1426 Sardorum
301 1395 328 1425 eo
337 1380 416 1441 proelio
425 1395 490 1433 caesa,
503 1379 626 1441 octingenti
634 1378 705 1426 ferme
712 1380 760 1425 vivi

36 1465 40 1476 r
86 1444 154 1507 capti.
174 1444 241 1491 Alius
251 1444 363 1491 exercitus
373 1445 445 1506 primo
457 1461 496 1507 per
506 1460 573 1508 agros
585 1445 695 1505 silvasque
704 1442 761 1506 suga

86 1510 190 1573 palatus;
206 1510 264 1563 dein,
277 1524 322 1570 quo
333 1510 411 1556 ducem
419 1509 505 1572 fugisse
511 1511 572 1557 fama
579 1517 633 1562 erat,
646 1510 674 1555 ad
682 1512 759 1555 urbem

87 1575 181 1621 nomine
193 1572 302 1629 Cornum,
320 1582 386 1636 caput
400 1576 447 1637 ejus
462 1576 568 1636 regionis,
585 1574 700 1636 contirgit:
721 1574 760 1620 de-

87 1640 240 1699 bellatumque
259 1655 286 1685 eo
302 1641 381 1701 proelio
397 1640 421 1685 in
439 1637 540 1687 Sardinii
556 1647 622 1693 esset,
643 1639 667 1684 ni
683 1640 761 1685 classis

89 1704 178 1751 Punica
188 1720 240 1750 cum
251 1705 308 1751 duce
317 1704 465 1758 Hasdrubale,
477 1720 528 1765 quas
536 1710 668 1767 tempestate
676 1704 762 1765 dejecta
826 1724 829 1730 ·

89 1769 118 1815 ad
130 1768 235 1815 Baleares
246 1777 300 1823 erat,
312 1770 336 1815 in
348 1776 448 1832 tempore
459 1771 488 1816 ad
496 1786 558 1832 spem
567 1769 685 1816 rebellandi
693 1769 762 1816 adas

88 1834 166 1879 nisset.
186 1833 294 1888 Manlius,
306 1841 358 1896 post
368 1833 450 1881 famam
462 1836 560 1897 appulsae
572 1834 665 1881 Punicae
676 1834 762 1887 classis,

90 1897 182 1947 Carales
190 1900 314 1961 serecepit:
331 1914 357 1945 ca
365 1900 452 1946 occasio
464 1899 619 1962 Hampsicorae
627 1900 678 1946 data
687 1898 761 1945 Poeno

89 1964 239 2026 sejungendi.
259 1964 394 2017 Hasdrubal,
407 1964 477 2027 copiis
487 1964 511 2010 in
522 1973 602 2011 terram
611 1965 726 2026 expositis,
739 1970 762 2009 et

51 2080 56 2087 ι
89 2029 161 2075 classe
172 2026 264 2075 remissi
276 2027 443 2093 Carthaginem,
457 2030 514 2076 duce
525 2028 675 2091 Hampsicora
685 2030 713 2074 ad
724 2044 762 2074 so-

90 2094 176 2139 ciorum
187 2094 262 2155 populi
273 2093 372 2140 Romani
383 2110 463 2157 agrum
477 2095 627 2157 populandum
640 2092 760 2155 profectus,

91 2157 184 2207 Carales
199 2165 346 2219 perventurus
362 2167 415 2212 erat,
434 2160 457 2205 ni
472 2159 573 2206 Manlius
586 2158 651 2203 obvio
662 2156 762 2202 exercitu

89 2224 118 2269 ab
129 2220 201 2269 effusa
211 2238 262 2269 enm
273 2224 416 2285 populatione
427 2225 580 2270 continuisset.
600 2220 678 2267 Primo
689 2226 762 2281 castra

91 2287 170 2334 castris
186 2287 275 2333 modico
290 2289 407 2335 intervallo
425 2295 478 2334 sunt
493 2289 594 2349 objecta;
614 2285 693 2331 dende
708 2298 762 2345 pro-

90 2352 229 2399 cursationes
247 2352 349 2413 leviaque
368 2354 489 2401 certamina
507 2352 570 2398 vario
589 2358 671 2397 eventu
689 2351 758 2396 inita:

91 2424 205 2479 postremo
213 2417 344 2463 descensum
353 2419 376 2464 in
385 2418 463 2470 aciem,
476 2417 589 2480 signisque
597 2416 689 2469 collatis,
698 2416 762 2477 iusto

91 2480 171 2544 proelio
187 2497 228 2543 per
244 2488 338 2542 quatuor
354 2485 420 2529 horas
437 2490 569 2544 pugnatum.
596 2480 646 2528 Diu
662 2495 762 2543 pugnam
815 2517 820 2531 .

92 2547 210 2608 ancipitem
223 2544 297 2600 Poeni,
311 2548 385 2594 Sardis
394 2547 459 2594 facile
467 2548 526 2594 vinci
534 2547 634 2599 assuetis,
646 2545 759 2592 fecarunt:

91 2619 205 2673 postremo
217 2618 239 2657 et
250 2612 298 2674 ipsi,
312 2628 363 2659 cum
375 2613 450 2659 omnia
460 2614 519 2659 circa
529 2620 604 2674 strage
612 2608 701 2673 sefugil
709 2611 763 2657 Sar-

92 2676 172 2723 dorum
189 2677 272 2739 repleta
286 2684 369 2732 essent,
389 2677 446 2726 iusi:
472 2684 580 2727 catenam
595 2684 660 2739 terga
676 2676 761 2728 dautea
822 2682 830 2690 ’
