1809 2950
171 163 303 214 manvu
319 164 371 212 era
385 163 472 214 XXII.
492 165 552 216 Car.
564 169 605 216 58.
671 171 721 216 849

43 305 149 358 corpora
159 303 250 342 auorum
257 297 331 358 justit.
359 295 397 342 Ad
408 302 460 342 octo
468 295 612 344 milliafuiaae
619 295 722 344 dicuntur
756 325 760 329 ·

44 361 226 407 fortissimorum
245 360 351 407 virorum.
388 358 512 408 Consulem
530 376 618 421 quoque
636 360 722 406 Roma-

47 439 109 471 num
120 425 269 484 conquisitum
282 425 440 486 sepultumque,
453 424 541 485 quidam
550 432 651 471 auctores
659 432 719 470 auru.

47 489 110 543 an,
120 489 159 550 qui
167 487 289 536 Canusium
296 488 445 550 perfugerant,
455 489 535 536 mulier
541 488 622 561 Apnlp,
631 489 723 534 nomine

47 553 124 607 Busa,
137 568 219 615 genere
229 553 288 600 clera
296 568 324 598 ac
331 554 419 606 divitiis,
431 553 542 600 moenlbua
549 559 636 599 tanturn
646 553 721 598 tectic-

47 632 128 678 quea
146 616 265 664 Canusinis
283 625 391 679 acceptor,
410 617 531 671 frumento,
551 624 620 670 reate,
640 616 721 663 viatico

47 683 121 728 etiam
126 681 201 744 juvit;
215 697 256 742 pro
266 680 341 742 qudei
352 680 593 743 munificentidpostea,
604 681 721 742 belloper·

46 745 120 799 fecto,
132 747 161 792 ob
171 754 249 792 acuatu
259 746 355 793 honoret
365 747 432 794 habiti
443 755 502 793 srmt.

85 807 158 856 LIII.
178 808 301 864 Caeterum,
318 825 368 857 cum
379 811 409 857 ibi
422 811 505 856 mltuni
517 811 612 857 militum
627 816 721 871 quatuor

49 882 137 927 estant,
150 873 231 920 Fabiua
242 874 358 921 Maximus
368 875 396 920 de
403 875 492 936 legione
498 873 576 935 prima,
589 877 652 938 cuju·
659 881 722 936 pete
817 889 821 898 ·

48 939 212 1049 cuttu
223 939 317 1050 itu
334 938 612 1051 tecente
623 937 721 1049 ‘uu

295 1019 322 1050 ua
397 1033 404 1047 .

49 1068 145 1128 legione
162 1064 228 1113 tertii
246 1068 290 1128 Ap.
305 1066 414 1116 Claudiae
434 1065 539 1119 Pulcher,
561 1019 721 1127 qmpltlp'roxime

49 1131 124 1178 aedilia
139 1129 226 1188 iuemt3
249 1132 348 1178 omnium
367 1143 478 1178 concensu
496 1131 525 1177 ed
542 1129 571 1176 P.
585 1130 718 1191 Scipionem,

48 1194 173 1242 admodum
184 1195 353 1249 adolescentem,
367 1203 391 1241 et
400 1196 429 1242 ad
439 1194 485 1256 Ap·
496 1192 621 1247 caunum,
633 1209 720 1242 summa

47 1260 140 1321 imperii
150 1259 223 1306 delata
232 1267 277 1306 eati
297 1261 375 1320 quibua
386 1260 561 1306 consultantrlua
569 1259 628 1304 inter
637 1273 719 1319 peucoa

48 1325 79 1371 de
90 1321 180 1370 cummi
187 1339 261 1370 rerum
273 1325 360 1370 nuntIat
369 1323 396 1369 P.
407 1323 489 1370 Furiua
500 1323 585 1376 Philua,
597 1323 719 1368 consularia

47 1389 93 1435 viri
103 1387 170 1441 filiun,
188 1394 204 1417 ⁴⁴
212 1387 369 1448 Nequidquam
383 1403 422 1434 eoa
437 1387 544 1448 perditam
555 1401 617 1448 apem
626 1385 717 1432 lovere:

48 1453 190 1515 desperatam
202 1453 403 1515 comploratamque
414 1467 461 1500 rem
469 1451 641 1513 eaaepubdcem.
668 1449 720 1497 No-

46 1519 105 1565 biles
109 1519 207 1580 juvene
213 1518 327 1578 quosdam,
336 1533 430 1578 quorum
437 1517 558 1579 principem
565 1515 594 1561 L.
603 1514 719 1564 Caecilium

47 1582 181 1634 Metellum,
193 1597 254 1629 more
264 1597 290 1629 ac
300 1597 368 1629 never
379 1590 485 1643 rpectere,
502 1588 533 1634 ut,
549 1577 718 1635 deaertiltalirl,

47 1646 78 1693 ad
89 1662 171 1708 regum
178 1642 272 1707 aliquem
282 1644 457 1709 transfugiant”
483 1644 551 1698 Qnod
558 1645 649 1697 melum,
660 1658 719 1705 prae-

47 1719 153 1772 terquam
169 1716 234 1757 atrox
249 1725 315 1773 cuper
330 1718 365 1757 tot
378 1712 460 1765 clades,
476 1710 543 1756 ctiam
557 1724 648 1762 novum,
665 1722 718 1755 cum

47 1783 143 1836 stupore
150 1790 176 1821 ac
184 1776 290 1821 miraculo
298 1776 395 1837 torpidos
403 1774 523 1827 defixiacet,
532 1782 562 1826 et,
573 1774 611 1834 qui
618 1773 717 1828 aderaut,

47 1840 169 1887 concilium
180 1840 331 1887 advocandum
342 1841 370 1887 de
378 1856 405 1887 eo
413 1847 542 1895 cenrerent3
555 1845 623 1900 negot
630 1838 717 1885 coneilii

47 1920 98 1951 rem
119 1918 171 1951 eaae
188 1904 262 1965 Scipio
276 1905 373 1967 juretus,
390 1903 466 1951 ‘fatalia
483 1902 530 1949 dux
547 1904 639 1965 lrujuace
655 1902 714 1949 belli.

48 1968 216 2015 “Audendum
234 1976 301 2029 atque
318 1969 436 2031 agendum,
456 1982 502 2014 aon
520 1965 716 2021 oonaultmdum,”

47 2033 88 2087 ait,
106 2039 124 2062 ‘⁴
131 2033 155 2078 in
166 2040 229 2079 tanto
239 2035 297 2079 malo
308 2049 362 2081 eoae.
397 2031 462 2081 Ireut
472 2048 548 2079 aecum
557 2032 670 2094 extemplo
680 2046 716 2078 ar-

48 2098 112 2151 mati,
129 2097 168 2157 qui
183 2099 337 2159 rempublicam
349 2099 431 2145 calvam
439 2097 538 2144 vellentr
557 2112 665 2157 nuquam
676 2111 716 2143 ve·

47 2163 103 2215 rius,
121 2176 188 2222 quam
203 2162 238 2207 ubi
253 2176 280 2208 ea
293 2163 425 2224 cogitentur,
442 2163 540 2209 boatium
554 2169 626 2207 caetra
639 2158 715 2207 eaae’'

48 2225 131 2287 Pergit
142 2226 187 2279 ire,'
196 2226 336 2286 sequentibus
345 2227 427 2289 paucis,
442 2227 467 2272 in
481 2226 600 2287 hospitium
611 2223 713 2270 Metelliz

47 2297 79 2345 et,
100 2304 154 2337 cum
170 2290 288 2339 concillum
306 2291 335 2337 ibi
349 2292 466 2353 juvenum,
485 2291 514 2336 de
531 2288 610 2349 qualrua
625 2287 716 2333 allatum

47 2362 104 2408 erat,
125 2354 254 2408 invenisset,
274 2356 351 2401 stricto
369 2370 435 2417 cuper
453 2354 525 2414 capita
542 2350 715 2399 concultantium

46 2419 132 2481 gladio,
150 2418 214 2465 “Ex
227 2419 272 2465 mci
285 2420 353 2467 animi
367 2415 501 2470 cententid”
516 2416 595 2477 inquit,
612 2422 628 2445 ⁴⁴
636 2422 662 2461 ut
672 2429 716 2476 ego

47 2483 206 2545 rempublicam
212 2484 288 2545 populi
294 2484 392 2531 Romani
400 2497 445 2528 non
454 2482 561 2534 deseram
569 2494 642 2539 ueqrre
648 2478 716 2526 alium

46 2548 121 2595 civem
132 2546 262 2595 Romanum
273 2548 373 2595 deterere
380 2546 461 2609 patiar,
484 2543 655 2597 simoniana,
666 2550 715 2589 tum

46 2628 91 2665 me,
103 2610 194 2673 Jupiter
204 2611 295 2674 Optime
303 2612 411 2664 Mertime,
423 2610 522 2662 domum,
532 2608 645 2662 familiam,
657 2622 717 2654 rem·
747 2636 752 2652 1

45 2690 176 2738 quemeam
190 2672 458 2739 pe'acimoletoafficiaa!
487 2670 713 2728 Inluecrerbala.

79 2754 133 2788 voa.
147 2754 174 2787 u.
446 2741 492 2785 211
