1809 2950
170 179 223 236 nce
294 178 324 231 tr.
338 165 494 230 Ltvnssnna'
508 173 580 228 tm.
594 175 659 228 oar.
674 159 713 228 ss'.

173 327 288 376 gressum:
302 310 389 360 Caelius
396 325 436 372 per
443 307 649 370 Cremonia·jngum
658 307 711 354 dicit
719 304 832 355 transisset

173 378 213 438 qui
222 379 287 423 ambo
303 377 371 422 saltus
388 390 439 421 eum
457 389 502 420 non
518 375 543 419 in
559 373 677 424 Taurinos,
695 371 784 433 sedper
796 371 836 419 So·

173 442 245 488 lusos
254 449 372 488 montanos
382 439 410 485 ad
418 438 502 484 Lrlruoa
513 437 599 490 Gallos,
612 436 762 482 deduxissent.
787 434 837 482 Nec

172 506 294 552 verisimile
308 512 349 557 est,
369 519 396 550 ea
413 510 461 549 tum
476 502 503 547 ad
520 502 616 548 Galliam
631 501 728 561 patuisse
742 501 835 555 itidem

174 570 258 630 utique,
275 584 328 629 qum
345 568 373 614 ad
391 566 502 613 Peninum
519 565 601 617 ferunt,
624 565 715 624 obsepta
733 564 837 625 gennliris

174 633 341 695 semigermanis
350 631 457 678 fuissent:
475 644 552 690 neque,
565 627 671 679 Hercule,
684 627 838 673 montibuahis

176 698 284 807 giquem
299 696 358 741 forte
374 695 397 740 id
413 691 501 753 movet)
515 695 541 738 ab
551 693 644 739 transitu
656 690 781 737 Poenorurn
792 689 836 737 ullo

201 761 279 821 eragri,
298 759 378 804 incolae
390 758 441 818 jugi
458 759 512 820 ejus,
530 754 612 802 ndrunt
628 769 709 802 nomen
726 755 835 812 inditum

176 825 216 872 sed
225 825 253 870 ab
263 839 297 875 eo,
315 837 388 882 quern,
399 822 423 866 in
434 836 522 868 summo
538 827 646 866 sacratum
660 819 751 874 vertice,
770 813 837 866 Peni-

172 903 230 934 num
240 887 340 932 montani
350 885 468 946 appellant

207 948 331 996 XXXIX
350 948 518 1010 Peropportune
529 949 556 996 sd
565 945 671 1010 principia
681 959 763 998 remur,
776 944 834 994 Tan-

173 1014 357 1126 piuisepppximaerpl
369 1014 438 1074 genti,
456 1013 560 1122 adversuta
572 1012 777 1122 Iniibmffimi'
793 1011 836 1085 bel:

183 1094 221 1124 ram
293 1095 300 1124 t
371 1091 592 1122 annareexercrum
631 1089 682 1121 anm
719 1089 756 1128 ,u

175 1143 237 1190 alteri
248 1142 329 1188 anxilio
341 1148 406 1193 esset,
423 1142 458 1204 (in
469 1139 585 1186 reficiendo
596 1139 691 1185 maxime
702 1083 836 1185 sentienpteiii

174 1213 289 1253 manacta
299 1213 350 1253 ante
363 1203 431 1264 mala)
447 1219 492 1250 uon
507 1211 605 1265 poterat:
625 1202 695 1248 otium
710 1203 796 1248 etenim
809 1216 837 1248 ex
885 1229 886 1254 2

173 1271 256 1325 labore,
277 1271 341 1332 copia
360 1283 390 1315 ex
407 1266 487 1329 inopia,
507 1269 579 1314 cultus
598 1281 626 1313 ex
640 1266 718 1311 illuvie
734 1267 835 1326 tabeque,

175 1336 274 1397 squalida
291 1342 314 1381 et
332 1347 400 1395 prope
416 1331 504 1378 efferata
521 1347 612 1393 corpora
629 1331 690 1376 varie
708 1331 834 1376 movebant·

158 1399 214 1449 lEa
224 1399 251 1446 P.
263 1397 368 1447 Cornelio
378 1397 463 1443 consuli
474 1412 540 1443 causa
547 1396 596 1449 fuit,
609 1409 659 1440 cum
668 1393 734 1440 Pisas
745 1394 837 1440 mainis

175 1464 280 1517 recuset,
293 1463 390 1510 exercitu
401 1478 415 1508 a
425 1461 512 1508 Manlio
525 1460 636 1521 Atilioque
650 1465 742 1521 accepto
757 1457 834 1512 tirone,

175 1536 201 1575 et
212 1531 234 1574 in
245 1528 309 1575 novis
318 1526 447 1589 ignominiis
458 1526 548 1587 trepido,
562 1525 590 1571 ad
601 1522 686 1570 Padum
701 1522 835 1579 festimndi3

176 1600 204 1639 ut
221 1606 272 1639 crnn
290 1593 355 1638 hoste
375 1591 473 1636 nondum
492 1588 573 1635 relecto
591 1602 681 1634 manum
701 1590 836 1634 conserueti

178 1657 222 1702 Sed
238 1671 288 1701 cum
305 1655 440 1701 Placentiam
459 1654 537 1699 consul
554 1653 622 1705 venit,
635 1654 683 1714 jam
702 1666 731 1697 ex
751 1651 836 1697 stativis

91 1770 95 1781 ¹
176 1726 277 1766 moverat
298 1719 426 1775 Hanniba13
451 1718 643 1778 Taurinorumque
664 1730 730 1762 unam
754 1716 835 1767 urban,

174 1790 242 1843 captu
260 1783 334 1843 gentis
350 1784 405 1843 ejus,
427 1783 479 1841 quia
500 1782 594 1827 volentia
614 1781 637 1826 iu
655 1780 776 1826 amicitiam
793 1792 836 1824 non

175 1846 298 1898 veniebant,
320 1845 343 1890 vi
364 1844 516 1906 expugnirat:
541 1846 694 1907 junxissetque
717 1844 765 1897 sibi.
792 1856 835 1889 non

174 1917 237 1956 tnetu
257 1910 336 1961 solum,
361 1910 400 1955 sed
419 1910 486 1955 etiam
507 1910 626 1962 voluntate,
650 1907 729 1955 Gallos
751 1907 835 1953 accolas

176 1972 248 2028 Padi3
265 1972 288 2017 ni
305 1988 350 2025 eos,
368 1974 575 2035 circumspectantes
591 1972 719 2020 desectionis
740 1978 831 2033 tempas,

175 2037 248 2084 subito
262 2036 369 2083 adventus
384 2038 480 2083 consulis
495 2038 643 2099 oppressisset.
677 2035 710 2081 Et
722 2033 831 2081 Hannibal

174 2102 247 2147 morit
257 2100 402 2154 exTaurinis,
414 2102 518 2154 incertos,
530 2115 580 2161 quae
590 2116 639 2161 pars
650 2099 830 2159 sequendaesast,

176 2164 257 2213 Gallos
272 2173 404 2226 praesentem
421 2180 446 2211 se
462 2173 575 2211 secuturos
596 2172 662 2211 ratus·
696 2162 750 2210 Jam
769 2176 833 2223 prope

176 2230 201 2275 in
211 2236 329 2289 conspectu
340 2237 402 2276 mant
416 2229 531 2281 exercitus,
552 2233 745 2287 convenerantque
761 2226 831 2278 duam,

176 2294 242 2341 sicuti
259 2294 318 2339 inter
334 2309 358 2339 ae
373 2293 471 2338 nondum
487 2294 540 2338 satia
558 2293 612 2343 noti,
629 2292 662 2337 ita
673 2292 722 2350 jam
740 2291 833 2336 imbutus

177 2364 270 2417 uterque
284 2355 377 2418 quidam
389 2356 531 2403 admiratione
541 2356 636 2401 alterius.
672 2353 733 2400 Nam
745 2353 834 2400 Hanni·

176 2421 231 2467 halis
244 2428 267 2466 et
283 2421 341 2483 apud
352 2420 473 2473 Romanos,
481 2421 528 2481 jam
539 2426 590 2465 aute
602 2418 695 2478 Sagunti
706 2417 833 2468 exscidium,

176 2484 340 2530 celeberrimum
358 2498 439 2530 nomen
453 2490 514 2529 erat:
536 2489 560 2529 et
579 2482 703 2543 Scipionem
723 2480 834 2527 Hannibal

174 2558 204 2590 eo
222 2547 277 2606 ipso,
298 2548 358 2606 quod
375 2547 479 2593 adversus
500 2562 524 2593 se
542 2547 588 2592 dux
608 2546 748 2607 potissimum
766 2546 834 2589 lectus

172 2616 241 2656 ucat.
252 2617 393 2668 prmstantmr
403 2612 475 2656 virum
490 2610 603 2655 credebat:
622 2616 645 2655 et
659 2614 768 2654 auxerant
780 2608 835 2652 inter

171 2682 200 2715 ss
209 2671 342 2730 aprunam,
355 2674 436 2735 Scipio,
447 2673 513 2735 quod,
528 2674 618 2721 relictus
630 2674 653 2721 ia
667 2669 748 2727 Gula,
759 2670 835 2719 otuu
