1809 2950
161 181 192 226 32
290 173 319 224 Τ.
333 174 420 223 LIVII
437 173 490 222 Lrn.
503 173 562 222 vn.
582 173 641 222 Car.
655 165 694 223 27'.

164 299 279 354 drius'est.
296 311 300 321 '
315 305 375 354 Cum
392 297 482 354 Graecis'
494 321 508 352 a
522 303 628 353 Camillo
638 303 699 350 nullo
717 315 830 350 memora·

164 371 214 419 bilis
229 378 293 434 gesta
308 386 356 418 res:
379 371 470 418 necilli
489 368 555 423 terris,
577 383 619 414 nec
635 368 754 415 Romanus
764 369 830 414 'mari

165 435 258 483 bellator
275 443 328 482 erat.
364 435 490 488 Postremo,
509 449 560 480 cum
577 434 679 479 litonbus
692 440 829 485 arcerentur,

167 498 223 562 'aqud
233 502 299 548 etiam
309 507 391 561 praeter
405 507 487 546 caetera
500 498 623 545 necessaria
633 497 689 543 ‘usui
705 496 829 549 deficiente,

166 564 255 612 Italiam
266 563 380 624 reliquere
416 562 488 626 Cujus
497 563 573 625 populi
583 577 617 615 ea,
633 563 739 624 cujusque
754 561 832 622 gentis

57 684 60 692 ,
139 659 142 662 -
161 631 243 690 ¹classis
254 628 328 681 fuerit,
344 628 399 674 nihil
413 629 468 674 certi
485 635 532 674 est:
551 627 647 673 maxime
663 626 745 673 Siciliae
760 625 833 672 fuisse

166 701 274 755 tyrannos
285 693 426 738 crediderim:
445 707 498 738 nam
512 691 603 738 ulterior
615 692 712 743 Graecia,
730 688 757 736 ed
772 696 834 735 tem·

165 764 251 820 pestate
267 757 372 804 intestino
390 757 449 803 fessa
462 757 527 810 bello,
542 757 591 818 Jam
606 755 758 802 Macedonum
776 768 833 816 opes

165 823 275 868 horrebat.
722 836 725 853 ³

200 883 310 946 XXVII.
330 885 472 932 Exercitibus
489 884 591 936 dimissis,
609 899 660 930 curn
672 891 696 930 et
708 883 763 929 foris
776 897 831 950 pax,

170 958 194 998 et
212 950 271 996 dorni
290 949 408 996 concordii
426 951 528 996 ordinum
543 949 613 994 otium
630 955 695 1001 esset,
716 964 744 993 ne
765 948 835 993 nimis

167 1016 230 1062 laetae
246 1029 282 1059 res
300 1023 380 1068 essent,
399 1015 524 1076 pestilentia
541 1010 653 1059 civitatem
670 1013 747 1059 adorta
756 1013 836 1074 coegit

169 1087 271 1126 serratum
281 1079 388 1140 imperare
399 1079 535 1131 decemuiris,
552 1086 578 1123 ut
589 1078 657 1124 hbros
667 1077 787 1138 Srbyllinos
797 1077 836 1122 iu-

170 1145 292 1206 spicererrt;
308 1159 428 1204 eorumque
438 1143 524 1190 monitu
533 1142 693 1188 lectisternium
700 1142 749 1188 fuit
784 1140 837 1186 Eo-

170 1209 220 1255 dem
237 1222 296 1254 anno
313 1209 422 1266 Satricum
441 1209 468 1254 ab
483 1207 611 1254 Antiatibus
626 1207 713 1252 colonia
731 1205 837 1260 deducta,

170 1273 316 1332 restitutaque
334 1275 393 1326 urbs,
413 1288 478 1333 quam
498 1271 574 1318 Latini
595 1272 719 1318 diruerant:
741 1278 764 1316 et
780 1285 836 1316 curn

171 1335 390 1399 Carthaginiensibus
411 1338 491 1398 legetis
505 1337 587 1382 Rornae
600 1335 674 1382 foedus
689 1337 766 1387 ictum,
780 1350 836 1381 curn

170 1403 288 1450 amicitiam
304 1417 330 1448 ac
349 1402 476 1448 societatem
495 1407 596 1463 petentes
613 1401 734 1447 venissent.
769 1396 837 1445 Idem

170 1468 240 1514 otium
251 1466 311 1514 domi
321 1466 418 1529 forisque
430 1467 511 1513 mansit
525 1464 554 1512 Τ.
568 1465 656 1512 Manlio
667 1465 789 1527 Torquato,
803 1462 835 1513 C·

171 1531 260 1579 Plautio
283 1533 422 1579 consulibus:
449 1532 618 1578 semunciarium
637 1538 723 1577 tantum
744 1544 773 1577 ex
792 1544 838 1575 un—

170 1598 237 1643 ciario
247 1597 322 1643 loenus
334 1596 425 1651 facturn,
440 1604 464 1643 et
478 1598 502 1641 in
516 1596 634 1657 pensiones
649 1610 724 1655 aequas
737 1594 837 1651 triennii,

170 1661 202 1707 ita
213 1668 238 1706 ut
253 1669 331 1720 quarta
345 1676 444 1721 praesens
462 1669 528 1713 esset,
546 1660 627 1705 solutio
642 1661 694 1706 aerr's
708 1660 773 1706 alieni
789 1659 838 1705 dis-

171 1731 264 1785 pensata
274 1732 322 1769 est:
342 1732 365 1771 et
376 1726 407 1771 sio
417 1740 505 1785 quoque
515 1731 579 1785 parte
592 1726 662 1786 plebis
678 1721 763 1777 effecti,
779 1719 838 1771 fides

171 1797 246 1835 tamen
257 1789 342 1849 publica
355 1788 446 1849 privatis
461 1789 625 1835 difficultatibus
637 1789 711 1850 potior
720 1788 749 1834 ad
758 1802 838 1834 curam

172 1853 258 1899 senatui
272 1851 321 1897 fuit.
357 1852 450 1901 Levatae
465 1854 562 1900 maxime
580 1869 622 1907 res,
642 1854 694 1914 quia
709 1853 792 1899 tributo
808 1867 839 1899 sc

92 1954 94 1959 ,
172 1916 427 1978 deiectusupersessum.
463 1917 541 1965 Tertio
551 1926 668 1979 annopost
679 1918 840 1965 Satricumre-

173 1981 275 2027 stitutum
286 1997 300 2027 a
310 1981 406 2037 Volscis,
425 1982 462 2028 Μ.
471 1982 581 2029 ⁴Valerius
598 1982 694 2035 Corvus,
713 1981 838 2029 serrandum

173 2046 252 2091 consul
271 2061 321 2091 cum
335 2044 363 2093 C.
378 2046 474 2094 Poetelio
490 2046 569 2101 lactus,
585 2062 636 2093 cum
652 2063 682 2093 ex
694 2044 762 2093 Latio
776 2060 839 2093 nun-

172 2110 251 2156 tiatum
260 2118 325 2164 esset,
337 2111 423 2173 legatos
431 2114 459 2158 ab
467 2111 539 2157 Antio
545 2113 662 2158 circumire
671 2112 765 2174 populos
771 2110 840 2158 Lati-

171 2188 252 2221 norum
263 2175 291 2221 ad
306 2176 460 2224 concitandum
470 2177 569 2233 bellum3
584 2178 712 2237 priusquam
722 2176 773 2237 plus
784 2176 841 2222 bos-

173 2239 230 2285 tium
240 2238 309 2293 tieret,
322 2240 412 2288 Volscis
422 2256 484 2287 arma
493 2240 574 2287 inferre
581 2243 664 2303 jussus,
683 2241 711 2287 ad
725 2237 840 2287 Satricum

174 2305 272 2351 exercitu
289 2304 370 2352 inserto
388 2307 469 2367 pergit.
505 2305 625 2359 Quocum
636 2306 741 2351 Antiates
757 2304 841 2365 aliique

173 2367 252 2416 Volsci
262 2373 390 2432 praeparatis
402 2373 449 2433 Jam
461 2379 519 2422 aute,
532 2370 614 2429 siquid
627 2371 655 2415 ab
669 2367 745 2418 Roma
758 2385 841 2417 move·

172 2440 240 2487 retur,
255 2436 324 2496 copiis
338 2436 492 2487 occurrissent,
511 2434 572 2481 nulla
587 2432 723 2480 mora’inter
739 2433 841 2481 infensos

115 2537 117 2542 .
173 2496 258 2545 diutino
270 2500 320 2546 odio
331 2500 448 2545 dimicandi
457 2499 517 2544 lacta
526 2505 567 2544 est.
603 2497 688 2551 Volsci,
699 2498 797 2544 ferocior
810 2500 842 2545 ad

171 2562 320 2609 rebellandum
328 2578 394 2625 quam
405 2564 433 2609 ad
442 2562 567 2609 bellandum
573 2578 639 2623 gens,
647 2563 769 2609 certamine
776 2562 840 2617 victi,

171 2623 227 2685 ruga
241 2626 310 2673 effusi
327 2628 406 2674 Satrici
423 2628 507 2673 moenia
522 2634 614 2689 penmt:
633 2634 664 2679 et,
682 2642 712 2673 ne
727 2627 751 2673 in
769 2628 844 2674 muris

173 2688 262 2749 quidem
282 2692 335 2739 satis
353 2690 417 2739 firmi
427 2706 473 2754 spe,
485 2706 537 2738 curn
553 2689 637 2739 corona
654 2691 750 2739 militum
766 2692 843 2739 cincta
