1809 2950
144 139 222 217 ira'
277 168 308 217 rr
321 165 410 217 mvn
426 169 480 216 raa
493 159 540 217 nr
560 165 619 218 err.
634 169 673 217 aa

144 303 210 362 g'atoe
224 311 254 345 ex
268 298 417 348 consularium
432 297 657 346 numeramittendos
672 297 701 344 ad
714 311 767 344 eum
780 311 814 346 sc·
892 269 893 330 i

144 372 210 410 natus
221 366 320 411 cenauit:
339 366 377 425 qui
392 362 433 410 aad
446 379 534 426 quoque
544 375 602 417 eum
621 375 666 409 non
678 361 766 430 pubiicii
777 375 814 410 so-
892 363 893 366 ’

143 429 197 483 lum,
216 428 346 476 anctoritate
354 437 477 482 moverent,
490 437 515 475 ut
525 428 653 475 memoriam
666 427 813 476 simultatium

143 493 222 555 patriae
239 495 368 542 remitteret.
403 493 502 541 Profecti
518 491 587 557 legati
604 492 631 540 ad
649 491 743 539 Fabium
762 506 814 540 curn

144 559 373 606 senatus-conmltum
381 557 528 613 tradidissent,
546 557 720 620 adjecisaentque
731 559 815 604 oratio-

144 636 196 668 nern
205 625 374 670 convementem
385 623 501 678 mandatis,
520 623 604 676 consul,
622 622 723 668 demissis
733 622 757 667 in
769 630 815 668 ter-
892 627 893 680 ζ

145 697 192 732 ram
204 688 281 741 oculis,
293 689 373 734 tacitus
384 687 411 733 ab
420 688 518 742 incertis,
530 687 634 749 quidnam
644 694 734 733 acturus
745 693 814 740 ercet,
892 695 893 748 ξ

143 751 224 813 legatia
234 751 331 798 recessit.
366 749 443 798 Nocte
457 752 535 798 deinde
550 752 637 798 silentio
653 751 690 814 (ut
704 752 754 797 r'nos
766 748 812 812 eat)

145 813 174 860 Ia.
187 814 301 876 Papirium
316 815 446 862 dictatorem
465 817 533 863 dixitz
554 816 653 862 cuicum
670 817 699 861 ob
713 815 814 868 mimum
892 843 893 882 p

145 879 236 940 egregie
247 880 330 925 victum
344 879 413 942 legati
425 883 509 944 gratias
519 889 618 944 agerent,
636 879 772 926 obstinatum
784 881 817 926 ri·
892 915 893 946 ᾖ

144 943 240 993 lentium·
256 943 356 998 obtinuit,
375 959 401 991 ac
416 947 464 992 sine
479 957 585 1008 responso
599 955 625 992 ac
635 945 751 991 mentione
761 941 816 991 sacti
892 953 893 964 ¹

145 1007 180 1053 ani
195 1007 282 1070 legatos
296 1008 385 1062 dimisit,
403 1019 429 1056 ut
447 1017 568 1073 appareret,
585 1009 697 1072 insignem
713 1009 815 1056 dolorem

144 1072 231 1133 ingenti
248 1075 364 1134 comprimi
381 1075 462 1121 animo.
498 1073 600 1136 Papirius
618 1073 646 1122 C.
658 1073 754 1121 Junium
766 1069 816 1120 Bu-

144 1137 234 1182 bulcum
252 1139 384 1199 magistrum
403 1141 502 1199 equitum
521 1139 589 1185 dixit:
609 1146 675 1200 atque
693 1139 720 1192 ei,
738 1137 748 1183 l

144 1199 252 1246 curidum
262 1202 290 1248 de
300 1203 392 1264 irnperio
402 1202 490 1257 ferenti,
508 1205 571 1249 triste
582 1217 647 1248 omen
659 1201 748 1249 dicandi
773 1203 815 1257 dir,

144 1264 205 1326 qnod
224 1263 308 1312 Faucia
326 1268 387 1314 curia
400 1267 443 1314 fuit
462 1268 600 1330 principium,
619 1268 703 1314 duabus
718 1267 816 1329 insignis

145 1329 249 1383 cladibus,
267 1339 339 1394 captae
347 1330 423 1385 Urbis,
435 1339 458 1378 et
470 1331 578 1380 Caudinae
588 1331 663 1394 pacis;
680 1332 741 1394 quod
752 1339 816 1392 utro-

145 1404 189 1454 que
196 1409 255 1443 anno
266 1397 343 1442 eadem
354 1393 496 1444 conciuerat
506 1397 645 1460 principium.
680 1395 762 1442 Macer
773 1393 815 1442 Li-

145 1459 217 1507 cinius
231 1460 297 1509 terna
306 1463 373 1509 etiam
384 1461 452 1516 clade,
471 1476 522 1523 quae
536 1463 565 1509 ad
579 1459 709 1511 Cremeram
724 1467 815 1525 accepta

144 1532 186 1580 eat,
199 1527 367 1573 abominandam
378 1528 427 1573 eam
438 1528 522 1574 curiam
533 1526 593 1574 facit
723 1536 726 1541 '

176 1587 303 1640 XXXIX.
323 1590 428 1639 Dictator
437 1599 528 1653 postero
539 1592 581 1645 die,
593 1590 697 1653 auspiciis
707 1590 813 1653 repetitis,

145 1655 236 1715 pertulit
246 1656 335 1716 legeram
352 1663 381 1709 et,
398 1656 513 1718 profectus¹
522 1670 573 1703 cum
584 1654 715 1718 legionibus,
729 1656 758 1702 ad
769 1662 814 1702 ter·

146 1734 219 1764 rorem
230 1720 324 1765 traducti
332 1720 410 1765 silvam
419 1718 538 1768 Ciminiam
548 1722 658 1767 exercitiis
666 1734 737 1783 nuper
745 1720 815 1783 aerip-

145 1783 181 1835 tia,
200 1782 227 1827 ad
246 1782 374 1843 Longulam
393 1787 507 1844 pervenit:
533 1785 673 1848 acceptisque
691 1800 705 1831 a
724 1780 813 1831 Marcio

146 1842 237 1892 conside
252 1847 363 1893 vetentur
379 1848 491 1903 militibus,
509 1850 532 1895 in
547 1852 616 1897 aciem
631 1850 705 1913 copiae
719 1848 811 1896 eduxit:

145 1924 187 1956 nec
198 1911 274 1956 hortea
281 1910 403 1958 detrectare
413 1913 454 1958 uisi
462 1927 569 1976 pugnam.
597 1914 723 1961 Instructoe
734 1914 818 1960 deinde*

146 1982 286 2034 armatosque
297 1975 360 2038 (carn
375 1978 402 2023 ab
417 1978 501 2025 neutris
516 1980 619 2040 proeiium
634 1975 752 2041 inciperet)
768 1990 815 2024 nox
892 2012 893 2023 ,

146 2039 261 2100 oppressit.
303 2038 387 2093 Quieti
398 2042 538 2104 aliquamdiu,
564 2056 606 2090 nec
624 2044 670 2090 suis
689 2042 815 2090 diffidenter

145 2103 235 2156 vincas,
253 2118 294 2151 nec
304 2106 391 2153 hortem
402 2114 539 2168 apementea,
558 2108 638 2155 stativa
651 2109 675 2155 in
689 2108 815 2185 propinquo
892 2110 893 2161 i

144 2164 248 2214 habuere.
283 2166 372 2218 Interea
383 2185 418 2217 res
428 2173 452 2218 in
464 2170 556 2219 Etrurii
566 2181 651 2235 gestae:
665 2184 716 2219 nam
728 2179 815 2219 etcum

147 2230 285 2280 Umbromm
293 2236 391 2283 exercitu
399 2238 446 2283 acie
454 2236 605 2299 depugnatum
613 2245 663 2295 cst3
676 2236 731 2301 (tirsi
739 2244 814 2285 tamen

145 2298 225 2360 magia
243 2311 309 2359 quam
324 2302 384 2354 caen,
402 2303 484 2355 tosus,
503 2302 555 2363 quia
569 2310 665 2364 coeptam
677 2302 757 2348 acriter
768 2314 815 2347 non
892 2322 893 2339 1

145 2358 268 2409 toterimnt
279 2363 405 2426 pugnam);
416 2374 440 2412 et
447 2366 476 2412 ad
487 2363 620 2413 Vadimonis
627 2368 701 2413 lacurn
713 2364 814 2421 Etmaei,

145 2426 197 2488 lege
212 2427 296 2474 morati
311 2436 388 2476 coacto
399 2432 504 2485 exercitu,
522 2441 574 2477 curn
585 2432 620 2478 vir
630 2432 703 2477 virum
712 2431 814 2493 legisset,

145 2491 234 2549 quantia
241 2505 353 2554 nunquam
362 2494 414 2541 alias
422 2502 487 2542 antea
495 2496 561 2542 simul
569 2496 644 2557 copiis,
653 2495 719 2543 simul
725 2496 813 2549 animia,

146 2553 289 2603 dimicirunt:
309 2566 415 2619 tantoque
425 2560 507 2605 irarum
519 2562 638 2607 certamine
648 2566 714 2622 gesta
725 2575 761 2607 rea
772 2566 814 2615 esi,
892 2578 893 2583 ’

146 2625 172 2664 ut
188 2620 216 2665 ab
230 2619 309 2667 neutri
321 2630 384 2684 parte
398 2623 480 2673 emisa
496 2624 540 2671 sint
550 2626 600 2671 tela
637 2624 724 2671 Gnatia
737 2635 818 2687 pugna

147 2683 220 2743 πρίῃ
238 2691 268 2738 er,
285 2687 527 2743 mmeramme
544 2689 594 2751 ipro
608 2689 736 2745 camnine,
754 2688 817 2753 quaa
