1809 2950
82 185 84 192 ’
111 172 116 180 “
163 188 212 232 840
279 183 309 232 Τ.
323 181 411 231 LIVII
427 179 580 231 Lam
594 179 712 232 -cmss

162 311 236 374 diique
249 314 347 360 consulis
360 313 431 375 primo
443 312 529 360 Punico
538 313 597 359 bello
607 317 729 359 meinorato
743 305 829 356 neruis
884 276 885 349 l

161 376 241 430 clades,
254 379 383 440 religionum
393 379 468 424 sulmo
478 377 576 423 incrsssit.
611 375 653 423 Dii
662 391 734 437 prope
745 373 789 436 ipsi
800 389 830 420 eo
884 388 885 423 ζ

162 441 197 488 die
212 443 284 503 magis
307 440 417 496 distulire,
434 457 501 503 quum
518 438 655 502 probibubre,
674 439 830 486 imminentem

162 512 248 566 pestem
260 507 382 553 Romanis:
402 505 562 552 uamforteite
573 505 654 557 evenit,
671 512 705 558 ut,
723 519 777 550 curm
793 518 829 549 re-
885 512 886 567 ξ

161 569 213 616 ferri
224 571 289 632 signu
298 572 321 617 in
332 570 496 632 osstrsjubeuti
506 570 591 616 consui
602 569 683 614 milites
698 583 746 613 non
764 581 829 628 pun·

163 641 212 682 rent
218 651 226 691 3
242 636 299 682 servi
308 635 359 688 duo,
372 632 485 680 Fonnisni
497 649 561 686 unus,
570 633 625 679 ulter
636 632 729 678 Sidicini
739 631 828 691 equitis,

162 699 206 758 qui,
220 699 312 745 Servilio
320 706 386 759 utque
396 698 468 744 Atilio
478 699 612 750 oonsulibus,
623 698 682 742 inter
689 696 830 757 pabutum

162 763 249 822 excepti
260 778 273 808 a
283 761 387 808 Numidis
398 761 493 815 fuerant,
506 761 649 824 profugerent
659 776 688 805 eo
698 760 736 807 dle
747 760 777 805 sd
788 758 830 804 do-

163 827 250 872 minos:
275 825 312 886 qui
331 826 418 872 deducti
437 826 466 872 ud
484 827 587 872 consules
606 825 717 876 nuntient,
739 838 829 869 omnem

163 889 283 936 exercitum
295 888 428 936 Hannibalis
439 897 501 936 treus
515 890 628 951 proximos
644 897 736 934 montes
755 887 830 933 sedne

163 953 186 998 in
203 951 293 999 Insidiis.
329 953 421 999 Horum
439 961 578 1015 opportunus
598 952 709 998 adventus
726 951 831 998 consides

161 1016 246 1077 impen'i
256 1023 359 1078 potentes
374 1017 434 1070 feeit,
447 1033 498 1062 oum
509 1017 599 1062 smbitIo
609 1016 700 1062 ulterius
711 1031 777 1062 mem
787 1015 830 1076 pri-

163 1093 225 1126 mum
246 1081 305 1142 opud
323 1096 362 1128 ecs
383 1078 451 1142 previ
469 1078 607 1142 indulgentii
625 1081 767 1142 majestatem
788 1079 832 1125 sul-

164 1143 240 1192 visset.

198 1207 292 1255 XLIII
313 1209 432 1263 Hannibal,
444 1216 561 1271 postquem
573 1215 647 1255 motos
662 1210 738 1270 magis
754 1209 833 1255 incon

163 1273 221 1319 sulte
237 1273 360 1327 Romanos,
378 1289 444 1334 quem
463 1273 492 1320 sd
507 1274 609 1320 ultimum
628 1281 715 1319 temere
731 1281 831 1326 evectus,

164 1335 234 1394 vidit3
252 1338 403 1399 nequidqffim
424 1334 511 1384 detecti
525 1337 609 1390 fraude,
626 1337 650 1382 iu
667 1345 744 1384 cestre
760 1337 830 1384 τεῶ

61 1431 63 1438 ,
164 1399 199 1448 lbi
209 1401 282 1462 plures
293 1403 339 1448 dies
349 1409 439 1464 propter
449 1401 545 1462 inopium
561 1400 666 1447 frumenti
682 1415 779 1448 mneoe
794 1417 833 1448 nc·

104 1457 106 1468 ¹
164 1466 256 1527 quibut;
277 1482 379 1528 noveque
397 1466 528 1514 consillum
546 1465 654 1521 dieseon
673 1466 734 1527 apud
751 1467 833 1513 nribus

164 1530 244 1584 solum,
264 1532 346 1579 mixtos
362 1546 391 1578 ex
407 1532 533 1578 colluvione
548 1531 648 1576 omnium
663 1532 779 1591 gendum,
795 1530 834 1577 sed

164 1594 231 1641 etium
242 1597 301 1657 apud
308 1596 379 1657 ipsum
386 1596 473 1649 ducem,
483 1596 622 1641 oriebantur:
636 1609 696 1647 nem,
708 1610 764 1642 cum
771 1595 835 1641 initi·

164 1657 274 1712 fremitus,
287 1660 365 1707 deiude
377 1667 452 1721 eperts
467 1658 595 1706 vociferatio
611 1658 692 1704 fuisset
708 1674 835 1721 exposuere

163 1722 220 1769 tium
238 1724 370 1785 stipendium
389 1725 494 1778 debitum,
516 1724 700 1784 querentiumque
719 1738 834 1770 eunom

164 1786 243 1847 primo,
265 1794 378 1848 postremo
402 1788 502 1845 famem
526 1794 550 1833 et
570 1787 721 1834 mercenarios
741 1788 832 1841 mdiu.

164 1850 259 1896 maxime
271 1849 367 1913 Hlspuni
378 1853 473 1914 generis,
492 1852 520 1898 de
532 1851 664 1898 transitione
676 1852 769 1912 cepine
779 1866 834 1898 osn-

164 1912 237 1959 silium
251 1912 314 1968 sums¹
325 1923 398 1973 esset3
416 1918 463 1977 lpse
473 1917 540 1962 etium
550 1916 661 1962 interdum
673 1914 793 1962 Hsnnrbsl
805 1916 834 1961 ds

161 1973 217 2038 fugi
224 1977 246 2022 iu
256 1977 351 2025 Gallium
360 1980 439 2027 dicittu
446 1978 549 2041 cgitisse,
562 1979 593 2025 ite
603 1987 634 2032 ut,
645 1979 724 2025 relicto
733 1981 833 2041 petunt·

163 2041 231 2094 omni,
244 2056 295 2087 cum
306 2043 413 2102 equitibus
426 2060 451 2090 se
467 2045 595 2105 proriperet.
630 2041 690 2090 Cum
708 2044 761 2090 brec
778 2058 833 2091 eon·

163 2105 211 2153 silis
232 2112 297 2167 etque
315 2107 351 2153 hic
372 2108 459 2154 bsbitus
477 2108 602 2154 animorum
620 2114 680 2153 esset
698 2108 723 2152 in
745 2108 831 2160 uenis,

165 2184 255 2216 movere
273 2170 324 2217 inde
335 2172 412 2217 statuit
422 2172 445 2217 in
458 2172 568 2224 calidiore,
583 2179 650 2231 utque
666 2186 696 2216 eo
710 2172 833 2219 unturion

165 2234 279 2287 messibus,
289 2234 378 2296 Apuliae
386 2236 451 2293 locs;
463 2236 568 2287 simulut,
580 2251 624 2296 quo
631 2236 762 2295 longinus
769 2237 833 2282 bosts

163 2298 296 2349 recessisset,
322 2300 444 2361 usnsfugin
466 2300 603 2361 impeditiore
627 2299 714 2346 levibus
734 2299 833 2361 ingeni·

164 2368 246 2408 essent
282 2361 399 2409 Profectus
409 2372 444 2411 est
454 2372 527 2418 nocte,
538 2364 627 2425 ignibus
637 2362 738 2409 similite
757 2362 831 2415 sutis.

165 2426 352 2485 tabernaculisque
364 2428 439 2487 paucis
453 2428 477 2471 in
492 2428 586 2487 speciem
603 2426 690 2479 relictis,
704 2434 730 2472 ut
740 2427 834 2473 insidu-

166 2502 216 2534 rum
226 2502 266 2547 per
276 2488 343 2549 priori
353 2498 426 2537 metus
437 2492 560 2537 contineret
570 2490 695 2537 Romane
732 2491 781 2538 Sed
794 2504 833 2552 per

164 2551 267 2595 eumdem
286 2550 405 2599 Lucanum
422 2554 541 2606 Statilium,
560 2555 662 2600 omnibns
681 2554 742 2600 ultre
760 2562 834 2601 ωιιι

163 2618 268 2673 transque
279 2623 367 2662 montes
373 2616 500 2677 exploretis,
512 2632 563 2663 cum
574 2618 667 2664 relsttnu
678 2624 746 2670 esset,
758 2618 832 2665 rim

164 2674 242 2736 procul
252 2676 349 2727 bostium
360 2694 457 2743 egmen3
473 2687 522 2729 tum
538 2680 566 2730 de
580 2680 717 2744 insequado
732 2696 763 2730 eo
776 2696 833 2734 scs·
