1809 2950
381 303 644 372 EPITOMAE

198 489 382 539 amnonuu
402 491 518 535 nncsru
540 455 826 534 omnnnrroaun.

424 649 599 661 *a

275 767 431 817 EPITOME
447 762 544 818 LIBRI
562 765 749 817 UNDECIMI.

181 899 240 952 Cuia
251 899 333 947 Fabius
344 901 436 963 Gurges
446 904 524 948 consul
538 903 596 948 male
612 902 717 948 adversus
735 899 848 947 Samnites

320 973 344 1011 et
359 974 462 1012 senatus
459 968 493 1013 de
510 965 643 1013 removendo
660 981 688 1012 eo
703 965 732 1011 ab
748 966 848 1012 exercitu

179 1036 264 1105 geret,
277 1027 359 1076 Fabius
372 1029 496 1106 Maximus,
508 1038 576 1092 pater,
589 1031 718 1092 deprecatus
734 1031 793 1076 hanc
808 1029 848 1076 lilii

178 1093 331 1156 ignominiam,
343 1110 370 1140 eo
380 1096 477 1141 maxime
487 1102 588 1141 senatum
599 1095 675 1147 movit,
687 1095 768 1156 quod
762 1103 846 1140 iturum

180 1157 259 1204 sefflio
269 1158 368 1220 legatum
380 1160 492 1237 pollicitus
503 1168 551 1216 est;
567 1159 752 1234 idquepraestitit.
790 1158 848 1220 Ejus

179 1223 277 1269 consiliis
289 1231 312 1268 et
325 1238 391 1284 opera
401 1223 459 1270 tilius
473 1195 552 1270 consul
561 1224 654 1285 adJutus,
665 1225 730 1269 caesis
741 1223 848 1269 Samniti-

179 1287 228 1340 bus,
242 1287 391 1349 triumphavit.
427 1287 455 1336 C.
468 1287 582 1341 Pontium,
593 1289 748 1349 imperatorem
758 1287 847 1334 Samni-

155 1389 160 1399 .
180 1352 244 1405 tium,
263 1351 354 1398 ductum
370 1353 394 1397 in
412 1354 530 1414 triumpho,
548 1353 618 1398 securi
635 1353 750 1413 percussit.
787 1350 847 1399 Cum
895 1361 896 1376 ³

134 1467 139 1474 ,
180 1417 258 1463 civitas
269 1414 393 1479 pestilentii
401 1417 516 1470 laboraret,
529 1418 590 1463 missi
600 1417 674 1479 legati,
685 1424 710 1462 ut
721 1416 847 1479 AEsculapii
895 1413 896 1455 l

180 1482 269 1543 signum
288 1482 386 1539 Romam
402 1484 430 1529 ab
445 1482 558 1544 Epidauro
572 1481 723 1535 trarrsierrent,
741 1496 846 1543 anguem,

180 1547 218 1607 qui
237 1562 262 1593 se
281 1547 305 1592 in
323 1563 403 1594 navem
421 1563 498 1593 eorum
520 1548 649 1601 contulerat,
666 1547 689 1592 in
709 1562 754 1606 quo
775 1546 847 1607 ipsam

180 1625 263 1657 numen
273 1626 322 1658 esse
330 1613 451 1665 constabat,
463 1609 617 1673 deportavdre:
636 1626 707 1671 eoque
718 1612 741 1656 in
752 1610 847 1656 insulam
894 1648 895 1663 ,

180 1673 267 1721 'liberis
279 1691 377 1737 egresso,
393 1676 471 1723 eodem
485 1676 535 1722 loco
548 1676 607 1722 aedes
621 1676 751 1737 AEsculapio
768 1689 848 1721 consc-
894 1668 895 1718 l

147 1734 152 1748 ¹
179 1746 240 1785 crata
250 1746 291 1786 est.
327 1739 355 1785 Ι.
370 1739 500 1787 Postumius
516 1740 644 1793 consularis,
662 1740 774 1800 quoniam,
796 1754 847 1785 cunr

180 1804 286 1849 exercitui
296 1812 408 1864 praeesset,
424 1820 491 1867 opera
509 1805 627 1851 militurn
620 1819 644 1849 m
662 1818 718 1866 agro
735 1819 776 1850 suo
793 1818 847 1849 usus

180 1874 235 1919 erat,
247 1867 363 1912 damnatus
373 1876 414 1914 est.
451 1868 511 1915 Cum
529 1870 752 1930 Samnitibuspacem
768 1875 847 1930 peten-

180 1929 238 1975 tibus
247 1930 321 1976 ioedus
332 1940 410 1991 quarto
422 1941 552 1980 renovatum
564 1942 604 1981 est
640 1932 723 1982 Curius
731 1932 847 1979 Dentatus

180 1995 265 2047 consul,
279 1995 413 2042 Samnitibus
429 1999 501 2049 caesis,
519 2005 541 2044 et
560 1998 652 2050 Sabinis,
672 1998 710 2057 qui
727 1996 847 2044 rebellave-

180 2064 236 2111 rant,
249 2059 319 2113 victis,
332 2061 394 2105 etin
411 2061 544 2109 deditionem
560 2063 661 2123 acceptis,
679 2062 736 2107 bis
729 2077 753 2106 ru
767 2060 845 2108 eodem

180 2123 311 2184 magistratu
338 2125 487 2187 triumphavit.
535 2125 637 2175 Coloniae
662 2126 764 2172 deductae
786 2134 845 2178 sunt,

182 2184 293 2262 Castrum,
316 2188 380 2243 Sena,
403 2190 481 2237 Adria.
524 2190 645 2238 Triumviri
667 2191 771 2251 capitales
793 2196 847 2236 tunc

180 2252 275 2313 primurn
288 2255 356 2300 creati
369 2262 428 2301 aunt.
466 2253 542 2303 Censu
557 2263 614 2309 acto,
625 2256 721 2301 lustrum
733 2255 846 2301 conditum

180 2324 229 2363 est:
252 2332 318 2364 censa
337 2326 391 2365 sunt
406 2320 486 2365 civium
506 2322 578 2381 capita
595 2321 690 2367 ducenta
708 2319 847 2382 septuaginta

179 2380 225 2426 duo
236 2382 310 2429 mrllra·
345 2382 419 2437 Plebs,
431 2392 521 2446 propter
537 2400 568 2431 aes
581 2384 684 2438 alienum,
700 2392 752 2445 post
767 2398 847 2447 graves

179 2452 202 2490 et
208 2442 287 2507 longis
296 2447 420 2501 seditiones,
430 2448 458 2494 ad
466 2449 568 2494 rdtimum
577 2450 667 2505 secessit
675 2448 844 2497 inJaniculum:

180 2509 239 2554 unde
249 2525 262 2556 a
274 2510 307 2563 Q.
317 2510 442 2558 Hortensio
459 2512 565 2559 dictatore
576 2512 670 2558 deducta
686 2520 735 2570 est3
752 2514 813 2575 isque
823 2513 846 2557 ln

179 2571 228 2646 ipso
245 2575 375 2634 magistratu
392 2576 492 2622 decessit
526 2576 574 2622 Res
584 2584 780 2638 praetereacontra
790 2575 846 2621 Vol-

181 2635 287 2681 sinienses
304 2646 380 2697 gestas
402 2640 515 2685 continet·
533 2641 588 2686 item
609 2640 715 2687 adversus
733 2640 842 2691 ercanos,

181 2705 259 2743 contra
269 2713 324 2758 quos
335 2702 441 2748 auxilium
451 2702 559 2749 'l'huriuis
570 2704 627 2750 ferre
634 2704 754 2767 placuerat.
