1809 2950
239 119 644 184 mmmmmm
740 120 770 182 m

102 260 150 309 uiua
160 261 228 322 jussu
240 261 316 324 populi
330 263 411 310 bellum
421 261 536 321 indixere3
553 260 667 323 Fabioque
680 277 707 308 ea
720 278 774 324 pro·

101 325 188 384 vincia,
202 323 290 385 Haudo
302 325 397 374 Hernici
407 325 510 376 evenere.
534 327 616 374 Gallici
626 338 714 387 quoque
723 327 775 373 belii

101 388 167 436 fauna
176 389 357 438 increbrescebat.
377 392 422 439 Sed
431 394 490 438 inter
497 392 580 438 multos
590 398 687 437 terrores
695 391 774 437 solatio

35 461 37 464 '
101 453 149 500 fuit
158 469 206 516 pax
216 454 304 502 Latinis
311 455 435 518 petentibus
446 456 504 509 data,
514 463 537 502 et
547 470 631 517 magna
638 455 672 500 vis
680 455 775 500 militum

102 518 132 584 ab
146 517 175 566 iia
191 533 221 566 ex
234 519 319 567 ioedere
334 525 429 574 vetusto,
447 521 508 580 quod
522 520 598 566 multis
611 519 776 565 intermiserant

102 583 179 642 annia,
198 587 304 646 acceptat
320 599 365 645 quo
375 585 478 645 praesidio
489 600 540 631 cum
554 584 611 631 sulm
625 598 661 629 rea
672 583 777 630 Romana

10 643 11 652 ¹
102 655 174 701 esset,
186 648 260 694 leuius
270 643 318 702 ituit,
331 649 390 710 quod
399 649 479 696 Gallos
489 664 544 694 mox
553 648 669 694 Praeneete
679 646 774 700 venisse,

10 743 29 766 ¹.
99 719 175 772 'atque
196 711 324 759 mdeciaa
341 713 428 759 Pedum
447 714 580 766 consedisse,
605 712 705 760 auditum
731 717 773 757 eat.

102 775 252 822 Dictatorern
267 776 309 822 dici
324 775 353 825 C·
368 777 489 844 Sulpicium
504 778 599 839 placuit:
618 769 696 823 consui
711 776 776 822 adid

10 883 11 900 2
103 841 194 886 accitus
205 839 234 896 C.
249 839 349 887 Plautius
360 841 433 902 dinits
447 843 554 904 magister
563 837 667 902 equiturn
675 841 776 887 dictatori

10 901 12 948 2
73 954 76 959 ,
102 903 196 950 additus
206 903 243 951 M.
256 904 366 952 Valerius.
402 905 436 952 Hi
447 908 527 953 robora
535 906 637 959 militum,
650 906 776 952 exduobua

102 969 259 1015 consularibus
267 967 398 1016 exercitibus
408 972 485 1024 electu,
502 971 609 1017 adversus
616 971 695 1018 Gallos
706 970 776 1016 duxe-

103 1041 168 1079 runt.
205 1031 300 1080 lentius
310 1035 333 1080 id
343 1035 455 1095 aliquanto
469 1035 558 1088 bellum,
575 1051 642 1095 quarn
652 1035 709 1097 parti
720 1035 776 1080 utri-

105 1113 152 1158 que
169 1098 276 1160 placebat,
297 1098 353 1145 fuit:
371 1115 422 1146 curn
440 1101 513 1163 primo
532 1100 593 1148 Galli
611 1107 698 1146 tantum
717 1097 777 1144 aridi

105 1162 236 1209 certaminis
252 1162 353 1217 fuissent,
371 1164 449 1212 deinde
468 1165 585 1212 Romanum
604 1165 673 1217 mileo,
692 1162 777 1210 merrdo

106 1227 132 1273 in
148 1241 213 1282 arma
225 1243 252 1274 uc
262 1228 431 1284 dimicationem,
449 1230 585 1291 aliquantum
597 1229 706 1276 Gallicam
717 1227 776 1274 fero-

106 1292 166 1338 ciam
176 1291 291 1350 vinceret;
309 1293 410 1340 dictatori
421 1295 549 1356 neutiquam
564 1295 670 1357 placebat,
687 1288 777 1354 quand'o

105 1355 170 1404 nulia
188 1365 279 1418 cogeret
296 1374 338 1412 res,
355 1358 453 1406 fortunae
474 1375 499 1406 se
517 1361 656 1406 committere
672 1359 778 1404 adversus

106 1421 205 1475 hostem,
223 1437 290 1482 quem
309 1429 396 1486 tempus
415 1424 546 1471 deteriorem
565 1424 589 1468 in
608 1423 655 1467 dies
673 1429 696 1467 et
713 1421 777 1467 locus

106 1486 194 1533 alienun
202 1486 292 1541 faceret,
309 1489 359 1535 eine
368 1495 493 1551 praeparato
504 1494 636 1540 commeatu,
654 1486 702 1531 aine
711 1484 777 1532 firmo

106 1552 248 1607 munimento
259 1560 383 1600 morantem
389 1570 397 1609 ;
415 1552 504 1603 adhoc,
516 1551 543 1596 iia
551 1550 629 1596 animis
639 1550 777 1629 corqonitua·

108 1631 158 1677 que,
177 1631 272 1675 quorum
284 1618 356 1663 omnia
367 1615 487 1677 inimpetu
497 1614 532 1660 ria
543 1621 608 1667 canet,
624 1613 777 1676 parvaeudem
847 1659 851 1663 Α

107 1680 263 1741 languesceret
273 1678 342 1727 mori.
370 1678 417 1726 His
427 1679 526 1726 consiliio
536 1678 630 1725 dictator
639 1679 721 1724 bellum
731 1684 778 1723 tra-

108 1744 180 1798 hebat,
199 1759 336 1807 gravemque
346 1744 444 1791 edixerat
454 1758 551 1805 poenam,
570 1744 588 1789 ci
599 1743 648 1802 quia
657 1742 743 1804 injuaau
754 1741 778 1786 in

109 1809 197 1856 hostem
207 1807 337 1870 pugniaset.
372 1808 466 1861 Milites,
479 1822 541 1869 aegre
550 1806 573 1852 id
580 1807 694 1868 patientes,
706 1805 779 1867 primo

107 1872 132 1918 in
147 1872 279 1920 mumma
292 1872 419 1935 vigiliisque
432 1874 496 1919 inter.
507 1887 532 1917 ae
543 1870 673 1921 dictatorem
694 1885 779 1917 aermo-

108 1938 174 1985 nibus
193 1952 296 1999 carpere;
314 1938 425 1983 interdum
443 1936 523 1983 Patres
541 1935 689 1981 communiter
706 1934 779 1980 incre-

108 2016 176 2113 ΕΞ
187 2002 247 2061 quod
261 2016 307 2047 non
318 2001 439 2063 jussissent
452 2016 492 2063 per
507 2000 610 2047 conculco
625 1999 673 2061 geri
687 1999 777 2045 bellum.

176 2081 215 2111 um
226 2081 275 2113 ease
285 2065 391 2113 eudmium
406 2065 569 2127 imperatorem,
588 2064 678 2111 unicum
690 2063 777 2113 ducem,

109 2130 147 2190 qui
164 2130 220 2175 nihil
234 2131 310 2192 agenti
325 2131 365 2177 sibi
381 2130 409 2177 de
423 2127 484 2192 coelo
497 2131 647 2177 devolaturam
664 2130 688 2174 in
706 2129 779 2173 einum

108 2194 225 2241 victorino
237 2203 334 2241 cencmt.
369 2194 457 2242 Eadem
472 2195 551 2242 deinde
561 2196 611 2240 haec
621 2192 715 2239 interdiu
725 2206 778 2252 pro-

109 2259 189 2321 ΡΜ,
201 2275 228 2307 ac
237 2259 346 2307 ferociora
354 2260 394 2314 his,
401 2261 503 2322 jactam
515 2275 539 2306 ae
549 2259 635 2320 injussu
642 2255 781 2317 imperatorio

110 2331 149 2369 aut
164 2323 315 2378 dimicaturos,
333 2332 372 2371 aut
390 2324 481 2386 agmine
499 2324 598 2370 Romam
616 2321 694 2365 ituros.
730 2318 779 2365 Im·

111 2388 241 2450 mimerique
251 2390 356 2436 militibus
367 2388 522 2435 centuriones:
536 2402 580 2431 nec
587 2386 611 2429 in
619 2383 706 2429 circulis
712 2384 780 2429 modo
879 2428 881 2432 .

110 2450 211 2507 frenare,
231 2455 270 2500 aed
279 2456 328 2515 jarn
345 2453 368 2499 in
383 2453 496 2515 principiis
510 2467 537 2497 ac
551 2447 657 2510 praetorio
671 2446 694 2491 in
711 2462 781 2492 unum

113 2532 227 2564 sermones
247 2517 361 2571 confundi,
382 2524 448 2577 atque
469 2516 493 2560 in
514 2512 628 2559 concionis
646 2512 781 2572 magnitudi-

113 2596 164 2627 nem
181 2591 286 2629 creaeere'
297 2583 367 2633 turba,
385 2588 408 2627 et
425 2578 541 2625 vociferari
556 2590 586 2623 ex
600 2576 702 2626 omnibus
717 2576 779 2629 iccio,

113 2653 140 2693 ut
159 2646 272 2712 extemplo
291 2646 320 2694 ad
338 2646 468 2693 dictatorem
487 2644 569 2689 uetur:
596 2641 663 2688 verbu
680 2656 721 2701 quq
740 2652 780 2683 ex-

296 2792 306 2819 i„
