1809 2950
177 103 179 108 ’
199 105 328 160 norun
345 105 499 163 ars-xxm
519 109 578 161 cn.
591 116 628 160 ιι.
698 119 757 179 sor„

76 255 106 291 ea
119 239 217 304 pupillus
232 233 324 294 solutus,
339 241 394 288 liber
408 241 484 288 esto·”
515 241 624 304 Ejusdem
635 241 667 288 rei
677 243 744 292 eust

74 307 123 354 luffi
136 304 215 366 magni
227 304 273 350 voti
285 305 335 350 aeris
347 307 450 352 trecentis
463 305 554 367 triginta
561 306 630 352 tribus
639 307 741 362 millibus,

75 369 184 418 trecentis
192 368 284 429 triginta
295 369 371 423 tribus,
383 371 476 416 triente:
493 377 601 431 praeterea
609 370 679 416 bubus
689 369 744 418 Jovi

75 433 192 485 trecentis,
204 431 279 478 multis
289 432 337 478 aliis
348 433 415 480 Divis
425 435 495 480 bubus
505 434 567 486 albis,
581 441 647 494 atque
657 436 744 482 caeteris

73 498 165 546 hostiis.
204 495 271 542 Votis
291 497 333 542 rite
351 498 489 559 nuncupatis,
509 498 637 559 supplimtio
656 499 740 545 edicta:

75 561 270 624 supplicatumque
280 556 326 606 iere
336 575 386 606 cum
397 562 528 624 conjugibus
537 577 563 607 ec
571 561 643 608 llben's
652 577 697 607 non
706 578 743 608 ur-

74 629 136 672 bana
147 624 265 670 muttudo
278 631 371 677 tantum,
387 626 426 672 sed
436 623 556 688 agrestium
567 626 640 679 etiam
652 641 709 686 quos
719 627 743 672 in

75 685 153 750 aliqui
167 685 207 735 sut
220 685 309 733 fortuni
323 689 415 748 publicae
429 704 517 751 quoque
527 690 669 751 contingebat
680 705 740 736 cura.

75 753 141 800 Tum
154 751 314 798 lectisternium
328 767 367 814 per
382 753 477 799 triduum
492 755 596 814 habitum,
613 754 743 800 decemviris

76 829 193 864 sacrorum
210 815 342 862 curantibus.
378 817 423 864 Sex
440 818 563 879 pulvinaria
579 819 603 863 in
622 825 743 880 conspectu

75 879 155 928 tuere:
175 879 229 928 Jovi
243 893 269 926 ac
285 878 370 927 lunoni
385 896 468 937 unum3
483 882 576 928 alterum
591 881 699 943 Neptuno
716 897 742 928 ae

76 946 209 1000 Minervoe3
221 943 309 990 tertium
324 944 395 991 Marti
410 959 435 990 sc
446 944 545 1000 Veneri3
556 953 658 1004 quartum
669 946 742 1008 ripolg

75 1010 117 1056 lini
132 1024 158 1056 ac
173 1007 270 1064 Dianae5
282 1007 382 1068 quintum
394 1008 497 1054 Vulcano
507 1023 533 1054 ao
543 1007 622 1055 Vestae
629 1027 637 1066 ;
653 1018 741 1056 sextum

76 1072 197 1124 Mercurio
206 1085 233 1118 ac
242 1069 325 1118 Cereri.
353 1071 413 1118 Tum
425 1072 484 1118 aedes
494 1079 561 1118 votae.
589 1071 674 1118 Veneri
682 1073 743 1133 Ery-

75 1138 137 1186 cinae
148 1136 219 1182 aedem
232 1133 262 1188 Q.
273 1133 354 1182 Fabius
368 1135 484 1182 Maximus
495 1136 588 1182 dictator
598 1137 674 1194 vovit;
692 1138 744 1197 quia

75 1202 109 1248 ita
118 1215 149 1248 ex
159 1199 262 1246 inuitus
271 1195 330 1245 libris
341 1200 423 1246 editum
434 1206 488 1253 erat,
500 1207 526 1244 ut
535 1200 555 1246 is
565 1208 663 1253 voveret,
679 1202 742 1262 cujus

76 1263 202 1312 maximum
212 1263 327 1324 imperium
342 1263 364 1308 in
380 1264 469 1325 ciuitate
480 1270 546 1310 esset.
581 1264 657 1310 Menti
671 1264 741 1310 aeuem

76 1328 106 1376 T.
121 1327 231 1375 Otacilius
241 1333 324 1386 praetor
333 1327 402 1372 vovit.
553 1333 557 1336 ”

108 1390 158 1440 XI.
179 1389 215 1436 ita
229 1390 293 1436 rebus
304 1389 382 1435 divine
392 1391 494 1451 peractis,
507 1389 558 1436 'tum
569 1391 596 1436 de
606 1391 664 1438 bello
674 1405 742 1451 reque

74 1459 104 1507 de
121 1451 210 1519 publici
223 1453 317 1501 dictator
330 1449 410 1507 rettulit,
428 1455 507 1515 quibus
520 1461 604 1515 quotve
617 1455 740 1516 legionibus

73 1521 157 1571 victori
172 1518 230 1565 hosti
245 1518 330 1564 obvium
346 1518 442 1565 eundum
458 1534 508 1565 esse
521 1518 601 1565 Patres
615 1526 737 1565 censerent.

74 1587 211 1636 Decretum,
228 1589 252 1628 ut
266 1583 292 1628 ab
307 1580 351 1629 Cn.
366 1583 459 1629 Servilio
469 1583 561 1629 connrle
571 1583 693 1629 exercitum
704 1598 742 1629 ac-

72 1651 173 1713 ciperet:
187 1647 290 1693 scriberet
299 1652 406 1709 preterea
416 1662 444 1693 ex
455 1647 539 1693 civibus
546 1648 661 1708 sociisque,
671 1662 741 1707 quau-

73 1722 126 1762 tum
144 1712 243 1773 equitum
262 1726 288 1757 ac
305 1712 403 1771 peditum
421 1711 545 1758 videremr:
568 1719 648 1757 caetera
666 1712 741 1758 omnia

73 1784 155 1842 ageret
164 1776 295 1835 faceretque,
305 1782 330 1820 ut
338 1790 351 1821 e
358 1773 469 1837 republici
475 1776 571 1821 duceret
596 1773 678 1821 Fabius
685 1776 741 1823 duaa

74 1858 101 1891 ee
108 1841 209 1904 hgiones
219 1840 354 1901 adjecturum
364 1838 392 1885 sd
404 1840 550 1887 Servilianum
558 1840 679 1886 exereitum
690 1840 740 1886 ‹lix-

72 1908 107 1955 it:
124 1899 172 1959 bis,
182 1918 223 1966 per
232 1903 364 1965 magistrum
374 1904 473 1963 equitum
484 1904 576 1965 scriptis,
594 1902 665 1950 Trbur
680 1903 739 1950 diem

74 1971 107 2019 ad
115 1966 290 2017 conveniendum
298 1968 378 2013 edixit2
392 1966 508 2027 edictoque
517 1969 637 2030 proposito,
649 1975 681 2021 ut,
691 1968 740 2027 qui-

73 2037 118 2083 bua
134 2033 214 2095 oppida
227 2032 358 2091 castellaque
371 2030 488 2078 immunita
501 2035 583 2086 essent,
601 2033 634 2078 uti
649 2033 673 2077 in
690 2032 740 2078 loca
842 2057 844 2059 -

74 2106 126 2147 tuta
145 2096 331 2157 commigrarent3
357 2109 385 2141 ex
405 2096 465 2157 agris
483 2111 570 2157 quoque
587 2096 737 2156 demigrarent

75 2176 156 2211 omnes
163 2160 260 2221 regionis
271 2160 325 2221 ejus,
335 2156 378 2219 qui
387 2159 458 2206 iturus
469 2159 583 2206 Hannibal
590 2166 663 2213 esset;
674 2158 739 2203 tectis

74 2228 138 2290 prius
145 2225 241 2273 incensis
251 2239 277 2270 ac
285 2223 386 2284 ¹frugibus
397 2223 512 2284 corruptis,
525 2238 554 2268 ne
564 2222 626 2281 cujus
637 2221 668 2265 rei
676 2220 740 2281 copia

75 2298 150 2348 esset;
169 2290 223 2351 ipse,
243 2286 280 2334 vii
298 2284 407 2333 Flaminii
424 2286 537 2349 proiectus
551 2284 637 2330 obviam
654 2284 739 2330 consuli

75 2353 233 2413 metuique,
253 2366 304 2397 cum
319 2351 347 2397 ad
357 2350 456 2397 'liberim
472 2351 531 2395 circa
544 2346 672 2394 Ocriculum
686 2362 739 2409 pro-

76 2417 186 2483 sperdsset
202 2430 291 2477 agmen,
309 2416 467 2476 consulemque
484 2427 535 2459 cum
553 2411 661 2471 eqrrinbus
675 2411 704 2458 ad
714 2426 740 2458 se

77 2484 230 2547 prodeuntem,
241 2481 349 2526 viatorem
359 2479 426 2532 misit,
437 2478 476 2539 qui
486 2476 571 2523 consuli
584 2475 701 2528 nuntiaret,
713 2482 740 2521 ut

76 2544 245 2595 sinelictoribus
254 2543 283 2591 ad
292 2542 421 2589 dictatorem
432 2542 526 2589 reniret·
560 2538 668 2593 Quicum
679 2538 739 2614 (licto

76 2611 191 2676 paruisset,
216 2622 393 2671 congressusque
413 2622 491 2657 eorum
508 2605 622 2669 ingentes
640 2618 736 2667 speeiem
