1809 2950
202 119 334 172 'RHVII
347 119 402 172 Ins.
416 119 518 175 xxm
536 123 597 176 Car·
610 128 650 176 27.
710 129 758 176 891

92 251 184 301 ineam
194 259 286 316 gentem
302 268 392 300 versum
406 254 433 300 ab
443 253 554 301 Romanis
562 255 646 303 bdltnn
656 262 705 314 αις
721 255 760 304 in·

89 319 196 380 festoque
213 319 312 366 exedra
332 317 460 365 Hasdrubal
476 319 591 380 ingressm
608 335 688 382 agrum
704 321 760 368 bos-
781 361 783 365 .

89 384 156 436 tium,
179 399 220 444 pro
237 390 308 444 captae
325 390 377 429 ante
392 383 439 428 dies
457 398 540 444 paucos
558 384 629 431 urbis
638 385 758 438 moembus,

90 448 198 501 Galbum‚
219 448 313 494 nobilem
331 446 489 508 Carpesiorum
507 448 593 502 ducem,
611 465 665 496 cum
683 449 758 497 valido
802 463 806 473 ¹

89 513 192 560 exercitu
202 513 280 558 castris
290 527 339 558 sese
347 519 467 565 tenentem,
479 512 571 574 aggredi
578 514 661 562 satuit
691 513 756 562 Pre-

89 574 161 624 missi
175 577 244 638 igitur
260 577 304 623 levi
312 573 439 631 amatura
462 592 512 636 quae
528 576 618 624 eliceret
633 579 709 625 hostes
727 580 757 626 ad

89 649 212 695 certamen,
235 641 335 703 peditum
360 647 444 702 partem
465 641 494 688 ad
514 641 691 717 depopulandum
716 658 758 704 per

86 721 147 818 310
148 705 351 818 setppplanoqsarpua
331 705 531 824 tuindiiusmdnerii:³8
534 707 698 833 etexqilelieiegrtds
716 708 756 819 dd:

84 851 162 898 gaque
179 841 201 881 et
220 834 308 891 caedes3
325 834 403 880 deinde
419 835 516 894 uddique
533 835 626 882 diversis
639 836 755 884 itineribus

84 915 141 948 cum
162 899 185 944 in
202 907 274 946 castra
292 915 317 946 se
335 899 475 960 recepissent,
495 899 550 945 adeo
568 908 659 962 repente
676 901 754 950 decea-

84 966 117 1012 sit
135 963 214 1011 annuis
231 979 308 1026 pavor,
328 970 415 1010 utnon
432 962 461 1008 ad
476 964 614 1012 munimenta
630 967 697 1013 modo
714 967 754 1014 de·

83 1029 198 1076 fendenda
215 1029 267 1075 satis
281 1028 404 1076 animorum
422 1034 489 1080 esset,
505 1028 545 1073 sed
557 1028 623 1074 etiam
639 1030 667 1076 ad
682 1031 754 1079 laces·

84 1094 182 1142 sendum
199 1094 286 1140 hostem
298 1093 384 1154 proelio.
419 1091 549 1154 Erumpunt
558 1092 627 1153 igitur
637 1096 727 1155 agmine
741 1111 756 1143 e

84 1159 175 1212 castris,
192 1157 336 1221 tripudiantes
351 1171 414 1204 more
428 1171 469 1214 suo
477 1173 486 1213 ;
502 1157 660 1218 repentinaque
674 1174 754 1208 eorum

84 1223 181 1272 audacia
198 1229 304 1270 terrorem
320 1221 386 1274 hosti,
402 1221 469 1282 paulo
485 1229 538 1267 ante
554 1221 613 1267 ultro
627 1222 752 1280 lacessenti,

85 1288 189 1334 incussit
225 1286 305 1347 Itaque
321 1286 405 1347 etipse
423 1284 551 1332 Hasdrubal
566 1285 590 1331 in
604 1286 683 1334 collem
700 1289 755 1336 satis

84 1353 190 1406 arduum,
210 1358 284 1398 tutum
302 1349 395 1396 flumine
412 1350 479 1396 etiam
498 1351 592 1412 objecto,
612 1357 661 1396 tum
679 1353 756 1413 copisa

85 1416 198 1469 subducit,
216 1423 239 1462 et
248 1415 385 1478 premissam
395 1415 469 1461 levem
482 1422 616 1461 annaturam
626 1415 757 1477 equitesque

139 1489 175 1529 tos
185 1482 263 1528 eodem
275 1480 367 1541 recipit:
386 1494 428 1526 nec
442 1486 481 1526 aut
493 1480 544 1526 colli
555 1486 594 1526 aut
604 1478 690 1525 flumini
700 1482 755 1528 satis

150 1562 167 1600 s,
187 1546 246 1593 vallo
265 1551 337 1592 castra
352 1544 470 1605 perrnunit.
505 1543 534 1589 In
551 1544 594 1589 hoc
611 1544 697 1591 alterno
714 1560 756 1607 pa-

85 1627 145 1658 vore
156 1610 276 1657 certamina
290 1609 374 1671 aliquot
387 1615 440 1655 sunt
450 1614 578 1655 contracta
597 1623 638 1654 nec
654 1607 756 1658 Numida

87 1675 196 1737 Hispano
214 1690 282 1735 eques
297 1689 336 1735 par
350 1672 409 1729 iuit;
426 1688 468 1718 nec
479 1673 589 1733 Jaoulator
605 1672 701 1720 Maurus
716 1689 756 1721 ce·

86 1748 157 1794 creto,
169 1740 286 1787 velocitate
295 1737 349 1801 pari,
363 1738 440 1785 robore
448 1736 516 1783 animi
523 1737 648 1797 viriumque
654 1738 755 1800 aliquan·

87 1812 139 1853 tum
150 1804 271 1866 prestanti.

110 1867 234 1917 xxvn.
254 1867 377 1943 Postquam
388 1881 461 1927 neque
469 1866 548 1913 elicere
559 1865 657 1914 Poenum
667 1868 695 1915 ad
706 1884 757 1917 cer·

86 1942 165 1981 tamen
177 1933 285 1981 obversati
296 1933 373 1979 castris
380 1938 490 1993 poterant,
501 1946 573 1993 neque
582 1940 705 1979 castrorum
713 1949 755 1995 op-

87 1999 199 2063 pugnatio
208 1997 279 2045 iacrhs
287 2004 348 2053 erat
365 1997 441 2042 urbam
452 1996 559 2049 Ascuam,
571 1996 756 2057 quo‚iinesl10s-

89 2065 148 2111 tium
162 2062 296 2124 ingrediens,
313 2059 441 2107 Hasdrubal
453 2060 590 2107 frumentum
606 2068 755 2109 commeatus·

90 2144 135 2189 que
145 2127 200 2175 alios
211 2132 351 2179 convexerat,
368 2125 391 2171 vi
402 2124 499 2200 capiunt,
514 2126 619 2185 omnique
629 2126 689 2171 circa
697 2140 754 2187 agro

88 2194 220 2266 potiuntur:
239 2205 297 2253 necJ
292 2192 342 2243 ’,ιω
358 2190 706 2251 autinsgmin'eantincastris,
719 2189 755 2235 ul-

89 2258 137 2305 lo'
131 2272 161 2303 rm
202 2255 349 2301 'ocontineri
386 2253 461 2307 Quam
472 2254 509 2299 ubr
519 2252 677 2313 neghgenuam
691 2266 756 2300 exre

88 2320 164 2386 (utfit
186 2321 243 2367 bene
252 2317 317 2382 gesti
327 2334 378 2365 onrr
390 2324 488 2365 senserat
499 2315 633 2370 Hasdrubal,
650 2317 753 2364 cohorta-
837 2349 840 2353 ι

89 2394 128 2435 tus
138 2384 226 2438 milites,
245 2392 270 2431 ut
279 2384 394 2445 palatos'
377 2398 425 2429 stne
439 2381 509 2443 signis
519 2382 596 2428 hostes
606 2381 755 2443 aggrederen-

88 2460 134 2503 tur,
147 2448 334 2511 degressqpcolle,
346 2448 420 2509 pergit
427 2461 460 2493 tre
467 2460 513 2492 acre
519 2444 752 2493 matructaadcastra

12 2520 15 2527 '
89 2529 157 2576 quem
170 2520 196 2561 ut
212 2513 288 2566 adesse
301 2513 438 2559 tumultuose
452 2507 584 2557 nuntiavere
598 2509 711 2572 fugientes
727 2524 757 2557 ex
840 2545 842 2552 .

91 2578 186 2641 speculis
193 2562 385 2637 stationibusque,
405 2576 432 2623 ad
450 2590 512 2621 arma
530 2574 691 2621 conclamatum
710 2583 753 2621 est.

92 2642 128 2691 Ut
142 2642 235 2707 quisque
248 2658 310 2693 arma
326 2648 420 2705 ceperat,
439 2640 487 2688 sinc
501 2639 600 2703 imperio,
618 2640 666 2699 sine
681 2639 756 2703 signo,
