1809 2950
179 131 237 186 sis¹
295 125 728 182 T.LIVI1Lm‚xxl1.0n.1a
769 185 776 198 ¹

178 253 636 322 nariuunclasseireobviambostipergit.
661 256 847 306 Atteoab'ru-

177 335 259 368 neone
278 322 848 385 demutationumdeoemminiapmuumui.

178 391 273 433 stantem
284 389 311 434 ab
319 387 438 434 ostioIberi
445 388 523 440 amnis,
531 389 645 448 pervertit:
658 387 712 433 inde
719 387 775 434 dure
782 388 849 434 Mas·

180 449 300 497 siliensiurn
316 452 466 514 speculatoriae
476 453 597 513 praemissae
607 452 740 504 retulerim,
754 453 847 498 classem

179 511 288 562 Punicam
306 524 363 563 stare
379 517 402 562 in
421 517 479 563 ostio
497 515 601 570 fluminis,
622 523 741 578 manuque
759 517 785 562 iu
802 514 848 577 rtpt

177 579 257 640 posita.
293 578 377 642 Itaque
390 589 416 627 ut
425 581 560 643 improvidos
576 581 722 640 incautosque
741 581 847 626 universo

92 679 95 694 .
177 642 244 689 simul
259 641 329 690 effuso
347 654 431 692 terrore
449 645 588 706 opprimeret,
606 644 697 691 sublatis
712 644 808 690 aneoris
820 644 847 690 ad

178 705 265 753 bostem
284 709 350 754 radit.
390 708 478 756 Multas
493 717 516 756 et
530 709 586 755 loeis
601 709 651 755 altis
668 708 758 770 positas
774 717 846 756 trrrres

177 767 288 832 Hispania
303 772 374 824 habet,
392 773 472 833 quibus
487 781 511 820 et
527 773 621 836 speculis
637 780 659 818 et
670 773 846 835 propugnaculis

176 832 281 880 adversus
302 834 398 882 latrones
420 844 526 883 utuntur:
549 837 601 883 inde
617 838 698 898 primo.
719 837 845 898 conspectis

176 897 273 942 hostium
282 899 381 952 navibus,
394 901 470 946 datum
485 903 574 963 signum
587 899 726 947 Hasdrubali
744 909 795 959 est3
811 910 845 946 tu-

175 961 302 1022 multusque
319 963 380 1024 prius
397 963 495 1010 interni
510 973 533 1011 et
550 967 634 1018 eastris,
650 979 718 1025 quam
741 966 771 1012 ad
786 979 845 1011 mare
875 975 881 984 ·

174 1031 198 1070 et
208 1021 236 1070 ad
250 1039 325 1080 naves,
342 1035 377 1073 est
392 1035 460 1082 ortus,
479 1029 578 1075 nondum
592 1036 631 1076 aut
647 1029 714 1089 pulsu
733 1044 844 1075 reanorrmr

175 1089 312 1151 strepituque
335 1092 378 1138 alio
401 1093 489 1139 nautico
508 1093 618 1146 exaudito,
638 1101 677 1138 aut
697 1094 844 1154 speriams

176 1151 269 1200 classem
280 1157 450 1216 promontoriis;
463 1171 514 1202 curn
525 1165 615 1218 repente
625 1171 701 1216 eques,
712 1157 844 1218 alius-super

176 1215 243 1264 alium
254 1220 281 1265 ab
292 1217 432 1266 Hasdrubale
442 1221 530 1272 missus,
542 1236 613 1282 vagos
628 1221 652 1267 in
666 1221 735 1267 litore
745 1223 843 1282 quietos-

175 1296 221 1342 que
239 1283 262 1328 in
280 1283 381 1330 tentoriis
398 1285 451 1338 susis,
472 1284 527 1330 nibil
540 1285 614 1332 minus
628 1299 695 1345 quam
705 1285 796 1332 bostem
807 1293 843 1331 sut

174 1347 278 1408 proelium
290 1364 316 1394 eo
327 1348 362 1393 die
372 1356 533 1409 exspectantes,
546 1349 694 1396 conscendere
706 1363 779 1396 nares
792 1365 841 1411 pro-

175 1425 229 1472 pere
244 1419 309 1474 utque
328 1411 388 1460 arm'a
406 1427 485 1475 capere
501 1415 578 1476 jubet:
604 1414 697 1461 classem
713 1413 841 1460 Romanurn

171 1474 220 1539 Jam
236 1477 294 1523 haud
311 1478 388 1539 procul
402 1485 469 1540 portu
483 1494 539 1540 ¹spese.
575 1478 635 1526 Haec
653 1480 741 1539 equites
760 1479 841 1525 (limiam

176 1541 258 1601 passim
270 1543 418 1604 imperabant:
437 1557 492 1589 mox
503 1543 630 1590 Hasdrubal
647 1543 696 1605 ipse
712 1559 766 1589 cum
782 1544 842 1592 omni

175 1606 274 1652 exercitu
292 1607 366 1654 aderat
375 1624 383 1664 ;
400 1607 506 1669 varioque
523 1609 597 1654 omnia
616 1608 714 1653 tumultu
731 1615 839 1669 strepunt,

176 1670 289 1717 ruentibus
304 1672 328 1717 in
344 1686 412 1719 naves
429 1673 495 1719 simul
508 1673 627 1734 remigibus
637 1672 795 1732 militibusque,
806 1671 841 1717 sss-

175 1732 283 1793 gieutium
299 1736 371 1797 magis
388 1752 401 1783 e
416 1734 481 1790 terri,
499 1752 565 1798 quam
582 1738 605 1783 in
623 1750 724 1799 pugnam
741 1736 839 1782 erntirun

174 1796 248 1842 modo.
284 1796 384 1845 Vixdum
396 1814 474 1847 omnes
487 1802 667 1854 conscenderant,
686 1815 739 1846 cum
755 1800 793 1846 alii
808 1815 841 1845 re·

174 1858 252 1904 solutis
268 1862 313 1907 oris
329 1862 352 1907 in
370 1878 462 1911 ancoras
478 1866 601 1911 evehuntur
609 1883 617 1922 ς
636 1864 680 1917 alii,
695 1879 725 1911 ne
740 1864 794 1925 quid
808 1871 840 1909 tc-

173 1930 232 1975 neat,
242 1925 351 1971 ancoralia
358 1927 472 1983 incidunt3
488 1930 610 1989 raptimque
617 1928 693 1974 omnia
701 1942 839 1989 praeprppere

174 1986 268 2047 agendo,
291 1988 385 2036 militum
407 1998 513 2051 apparatu
529 1993 616 2038 nautica
632 1991 754 2037 ministeris
770 1991 840 2053 irnpe-

174 2048 278 2108 diuntur;
290 2052 434 2113 trepidatione
445 2062 562 2101 nautarum
573 2070 650 2117 capere
660 2063 684 2103 et
694 2062 770 2117 aptare
779 2067 837 2102 arura

174 2113 238 2160 miles
247 2116 381 2176 prohibetur.
417 2117 449 2164 Et
461 2120 509 2180 jam
526 2119 644 2166 Romanus
659 2132 705 2165 non
723 2120 837 2181 appropin-

175 2179 256 2238 quabat
269 2180 343 2233 modo,
361 2182 400 2227 red
416 2180 526 2230 direxerat
536 2184 601 2230 etiam
612 2184 636 2229 in
646 2198 746 2245 pugnam
756 2198 835 2231 nam:

173 2241 249 2303 itaque
264 2259 309 2290 non
325 2246 352 2291 ab
367 2247 432 2292 hoste
447 2253 471 2292 et
488 2248 567 2308 proelio
586 2248 658 2309 magis
678 2245 752 2303 Poeni,
771 2263 835 2308 qmtn

175 2314 263 2353 suomet
280 2308 320 2370 ipsi
339 2310 436 2356 tumultu
451 2312 540 2365 turbati,
560 2310 646 2358 tentati
665 2311 741 2358 verius
755 2310 835 2373 pugni.

174 2384 240 2428 quam
251 2370 312 2425 initi,
324 2373 348 2419 in
357 2373 434 2436 fugam
446 2383 573 2422 averterunt
580 2377 687 2422 classem:
706 2384 730 2421 et
739 2391 790 2423 cum
800 2376 837 2421 ad-

174 2434 233 2479 versi
244 2437 315 2482 arnnis
326 2452 352 2483 os
368 2438 413 2484 lato
428 2439 518 2501 agmine
534 2455 560 2487 so
573 2448 619 2487 tam
637 2440 714 2486 multis
724 2440 789 2485 simul
798 2455 835 2485 ve-

174 2495 284 2545 nientibus
303 2500 360 2546 haud
378 2516 431 2548 sane
446 2503 547 2549 intrabile
564 2511 631 2558 esset,
647 2503 670 2549 in
686 2504 740 2549 unu
757 2503 836 2564 passim

174 2570 243 2606 naves
253 2573 361 2623 egerunt:
380 2573 446 2625 atque
457 2566 493 2612 aiii
505 2567 574 2621 vadis,
591 2566 627 2615 alii
643 2569 703 2614 sicco
719 2568 784 2613 litore
797 2580 836 2627 ας

172 2622 237 2681 cept,
254 2627 334 2685 purum
350 2623 647 2692 marmaniam,
664 2632 836 2679 muscum
