1809 2950
178 148 210 195 76
296 140 326 190 Τ.
339 138 428 189 LIVII
443 138 496 189 Lm
510 137 583 187 VIII.
602 138 662 189 Car·
677 142 717 188 17.

177 272 307 322 aercinrm
328 270 470 318 Dictatorern
478 267 848 317 anteexsenstis-coneultonom-

178 339 269 384 itinrum
294 336 443 383 habendorum
466 331 532 381 causi
553 334 657 393 dixerunt
678 332 848 385 LAEmilium

178 398 356 450 Mamercinum:
374 401 395 446 is
405 398 542 461 magistrum
560 398 659 457 equitum
678 397 847 451 Q-Publilium

178 465 298 523 Philonem
308 464 371 511 dixit.
405 463 525 511 Dictatore
531 462 620 509 comitia
628 462 730 515 habente,
742 463 849 515 consides

177 532 247 579 creati
264 537 317 576 sunt
330 528 359 575 Τ.
370 527 486 581 Veturius,
505 528 543 589 Sp.
554 526 691 576 Postumius·
726 526 779 575 Etsi
794 526 847 575 belli
894 546 895 573 ι

177 610 292 657 perseum
301 592 404 646 SidIcinIs
414 594 524 649 restabat;
541 598 623 644 tamem
635 598 660 637 ut
669 590 777 637 beneficio

176 659 280 711 venirent
287 656 419 707 desiderium
426 657 503 718 plebis,
512 656 541 705 de
548 652 634 703 celauit
642 652 770 703 deducendi

178 787 296 848 quingenti
305 787 407 843 homiues
417 802 445 832 eo
453 786 605 839 scriberentur,
616 785 743 838 triumviros
751 786 849 831 colantur

178 849 314 897 mduoendae
330 866 429 912 agroque
444 851 562 899 dividendo
579 856 710 897 crearenmt
724 848 848 901 Cmsonem

178 914 290 969 Duilium,
301 914 331 961 Τ.
346 914 472 969 Quintium,
485 914 521 961 Μ.
532 914 645 965 Fabium.

211 978 297 1026 XVII.
316 978 379 1026 Novi
390 980 469 1026 deinde
479 978 588 1033 consules,
600 993 614 1024 a
624 978 735 1025 veteribus
745 980 848 1027 aercitu

178 1052 279 1121 accepto,
295 1045 390 1107 ingressi
404 1045 502 1090 bostium
517 1042 586 1096 fines„
588 1043 722 1104 populando
730 1044 849 1119 usquead

179 1110 337 1170 moemastque
346 1110 423 1155 urbem
433 1113 596 1170 pervenerunt.
625 1106 666 1159 Ibi,
684 1108 742 1168 quia,

178 1174 278 1221 exercitu
293 1180 426 1248 comparato,
445 1171 536 1219 Sidicini
550 1179 574 1217 et
587 1172 629 1232 ipsi
643 1186 683 1231 pro
695 1179 799 1219 erumna
808 1187 849 1233 spe

178 1236 301 1285 dimicaturi
319 1238 381 1284 enise
395 1238 532 1289 videbantur,
550 1243 573 1281 et
590 1236 705 1283 Samnitum
723 1235 784 1283 fame
801 1243 849 1283 erat

89 1304 94 1313 '
178 1302 261 1349 conari
276 1303 304 1349 ad
317 1302 413 1358 bellum3
430 1301 525 1347 dictator
535 1301 562 1347 ab
572 1300 699 1347 consulibus
710 1314 739 1347 ex
750 1302 848 1348 auderi-

178 1372 226 1414 tate
241 1365 331 1413 senatus
347 1366 419 1412 dictus
434 1363 462 1410 P.
477 1363 596 1413 Cornelius
610 1363 723 1422 Rufinus;
739 1366 849 1427 magister

179 1432 278 1494 equitum
287 1431 323 1479 M.
334 1430 456 1478 Antonius.
491 1428 582 1492 Religio
593 1429 672 1476 deinde
681 1429 778 1484 incessit,
791 1430 849 1478 vitin

178 1511 218 1544 eos
229 1504 329 1544 creatos:
348 1496 523 1559 magistratuque
533 1510 557 1540 se
568 1495 737 1542 abdicaverunt.
752 1502 782 1549 et,
795 1496 849 1557 quia

177 1562 303 1622 pestilentia
315 1562 416 1607 insecuta
429 1567 470 1614 est,
488 1560 550 1607 velut
564 1559 666 1610 omnibus
681 1575 708 1606 en
722 1559 778 1606 vitio
793 1575 849 1608 enn-

177 1627 244 1671 netis
260 1625 370 1685 auspiciis,
387 1640 423 1670 res
438 1624 467 1670 ad
483 1625 636 1686 interregnum
651 1623 721 1672 rediit.
757 1624 821 1672 Ab
813 1641 850 1672 m-

177 1695 283 1750 terregno
301 1690 357 1733 inito
376 1704 416 1748 per
431 1689 534 1763 quiritum
550 1687 640 1734 demum
655 1673 793 1750 interregem
808 1689 845 1738 Μ.

179 1751 294 1798 Valerium
304 1751 405 1800 corvum
413 1753 480 1798 creati
488 1753 590 1798 consules
598 1752 629 1798 A.
639 1751 773 1804 Cornelium
766 1762 849 1801 rterum

178 1822 203 1863 et
222 1811 266 1863 Cn.
280 1814 403 1861 Domitius.
437 1814 573 1876 Tranquillis
592 1818 664 1871 rebus,
687 1817 747 1864 fama
766 1819 895 1866 Gallici

177 1879 228 1926 belli
245 1895 286 1940 pro
303 1879 400 1925 tumultu
416 1879 492 1933 valuit,
501 1832 535 1926 qut
546 1881 677 1928 dictatorem
687 1883 729 1930 diei
740 1883 895 1958 placeret.

178 1941 263 1992 Dictus
273 1943 309 1990 Μ.
320 1943 423 2004 Papirius
434 1942 537 1997 Crassus,
555 1952 578 1991 et
588 1947 695 2006 magister
705 1947 806 2006 equiturn
817 1947 847 1994 P.

72 761 76 776 ,
178 723 317 770 temlerum:
335 720 443 782 factoque,
453 720 707 774 senatusconsultum
721 721 766 767 duo
777 720 849 769 millia
894 698 895 746 l

179 2007 283 2054 Valerius
294 2006 422 2054 Publicola.
441 2009 544 2068 aquibus
554 2025 606 2055 cum
617 2009 716 2056 delectam
730 2011 847 2066 intentius,
894 1947 895 2066 i

177 2073 360 2132 qtnmadversus
370 2071 464 2120 finitima
474 2073 537 2127 bella,
554 2074 678 2126 haberetur,
696 2075 849 2135 explomtnrea

177 2137 240 2183 missi
247 2137 375 2190 attidenmt,
387 2138 462 2198 quieta
469 2139 544 2184 omnin
551 2139 609 2198 apud
618 2139 697 2185 Gallos
705 2154 762 2186 esse.
782 2140 850 2186 Sem,

178 2201 241 2250 nium
255 2216 343 2262 quoque
353 2203 401 2264 jam
415 2202 509 2249 alterum
524 2217 608 2250 annum
622 2203 705 2250 turbari
716 2204 781 2250 novis
792 2210 849 2250 οοιι-

178 2266 232 2312 siliia
247 2273 374 2327 suspectum
387 2274 449 2313 erat:
468 2283 495 2314 eo
510 2282 539 2314 ex
595 2283 608 2314 ο
624 2267 722 2314 Sidicino
736 2268 850 2316 exercitus
894 2323 895 2326 Ἴ

177 2329 515 2378 Romanusnonestdeductus.
594 2338 665 2378 terum
678 2331 790 2380 Samnites
801 2333 849 2380 bel·

178 2394 226 2440 lum
237 2395 359 2441 Alexandri
373 2395 510 2456 Epirensia'
504 2411 527 2442 ιιι
540 2394 645 2443 Lucanos
659 2397 735 2449 traxit,
752 2412 791 2458 qur
783 2397 848 2444 duo

178 2460 254 2520 populi
272 2459 378 2506 adversus
397 2474 481 2521 regem,
502 2461 669 2508 exscensionenr
687 2476 701 2507 a
718 2460 797 2508 Paesto
813 2461 848 2509 fa-

177 2523 281 2576 cientem,
298 2523 638 2604 signiacollatispugnaverupt.
673 2523 711 2572 Eo
725 2528 848 2574 certamine

178 2588 278 2647 asperior
296 2587 432 2641 Alexander,
448 2588 558 2636 incertum
576 2586 621 2648 qut
638 2588 682 2640 tide
700 2590 846 2644 calcans,
828 2607 847 2637 οι
894 2611 895 2616 ¹

176 2648 895 2717 peindeeemproeuemspeemnmnomms
