1809 2950
164 145 211 190 teo
296 139 326 188 Τ.
340 137 427 188 mvn
443 137 497 188 Ins.
510 137 556 186 lx.
576 137 638 188 em
650 143 690 187 4³.

162 271 254 318 ninisin
264 271 331 324 droo,
348 267 564 332 quemMaritimum
574 275 663 322 voosnt,
680 274 765 331 preter
776 268 831 316 Ab·
885 311 886 314 ,

161 335 273 389 triantem,
296 334 513 394 Ferentinatenque,
536 341 560 381 et
579 333 725 386 Verulanum,
751 347 831 378 omnes
885 329 886 338 ¹

162 398 258 447 Hernici
268 400 365 446 nominis
373 399 456 462 populo
467 397 572 445 Romsno
582 398 664 445 bellium
674 397 812 444 indixerunt.

196 464 292 512 XLIII.
311 462 340 510 In
355 465 447 513 Samnio
461 477 556 524 quoque,
574 463 625 524 quie
638 462 765 509 decesserat
778 461 830 507 inde
886 470 887 512 i

162 527 252 590 Fnbins,
269 530 322 576 nori
336 536 411 575 motus
426 527 505 574 exorti.
541 525 627 576 cuntis
636 535 660 574 et
671 527 734 580 son,
753 525 830 588 praesi·
886 521 887 564 ἶ

162 594 247 654 dinque,
264 609 317 654 quae
330 593 354 640 in
369 593 396 639 iis
410 593 515 640 Rornsna
525 599 595 644 erum,
612 599 756 652 expugnatu
772 599 797 636 et
806 591 830 636 In

162 660 300 721 enptivorum
311 672 405 718 corpora
413 657 509 704 militum
516 656 576 703 Ioede
584 657 700 702 saeiitum:
719 655 796 716 itaque
802 670 829 702 eo

163 721 191 769 P·
205 721 324 771 Cornelius
343 736 394 767 cum
412 723 512 768 exercitu
533 723 621 768 missus.
665 719 754 766 Marcio
776 720 829 766 novi

163 788 239 833 hostes
250 787 309 848 (jam
320 786 379 832 enim
390 785 518 848 Anagninis
530 783 679 846 Hernicisque
689 783 737 830 aliis
747 783 831 834 bellium

157 852 247 914 jussum
260 847 320 909 eret)
334 849 491 896 decernuntur.
528 849 604 896 Primo
614 850 646 896 its
660 849 734 896 omnis
748 864 831 911 oppor-
887 903 888 908 ¹

162 923 217 961 tunt
230 915 280 961 loos
293 915 369 961 hostes
379 915 437 961 iuter
448 915 565 962 consulum
575 922 648 966 ‚cestra
658 915 830 975 interceperunt,

162 985 188 1025 ut
197 979 318 1040 pervadere
327 979 444 1041 expeditum
454 980 546 1026 nuntius
556 994 602 1025 non
612 986 694 1041 posset,
707 975 730 1025 et
740 993 781 1040 per
791 979 831 1026 sii·

162 1050 218 1104 quot
228 1043 275 1090 dies
284 1043 363 1090 incerti
375 1058 448 1090 rerum
458 1044 565 1098 omnium,
578 1044 721 1105 suspensique
732 1043 759 1090 de
771 1051 830 1090 stetu

162 1107 259 1162 alterins,
276 1115 370 1170 uterque
383 1109 463 1154 consul
473 1115 557 1170 egeret,
574 1107 716 1168 Romamque
726 1107 745 1154 is
756 1115 831 1156 metus

162 1180 276 1230 mnneret5
293 1172 349 1220 ndeo
360 1181 385 1220 ut
396 1187 474 1219 ornnes
483 1173 586 1235 juniores
601 1179 738 1219 sacramento
752 1172 830 1235 adige-
888 1203 889 1238 t

162 1244 246 1291 retitur,
263 1245 332 1298 atque
345 1237 374 1284 sd
389 1237 461 1283 subite
476 1252 549 1283 rerum
564 1237 609 1283 duo
615 1238 672 1298 justi
683 1237 831 1286 sortiemur
888 1257 889 1262 ¹

162 1302 279 1364 enercitus
316 1300 433 1350 Caeterum
450 1300 576 1349 Hernicum
593 1302 675 1348 beilum
691 1300 832 1362 nequiquam

161 1382 203 1428 pro
219 1367 324 1428 presenti
339 1374 424 1412 terrore
433 1381 460 1412 uo
471 1374 582 1413 vetustate
591 1367 667 1429 gentis
677 1365 756 1428 gloriae
770 1366 828 1414 iuitr

161 1432 217 1479 nihil
233 1446 327 1493 usquam
341 1430 402 1479 dictu
416 1430 510 1494 dgnurn
526 1432 580 1485 ausi,
598 1431 661 1478 tn‘nis
676 1430 755 1478 cestris
768 1432 832 1489 ,ium

161 1512 244 1559 psueos
254 1498 301 1545 dies
312 1498 381 1552 exuti,
399 1498 492 1558 triginta
505 1496 589 1543 dierum
601 1497 706 1549 inducias.
724 1497 757 1543 ita
767 1498 832 1545 ntod

162 1570 264 1610 sensnum
281 1562 380 1609 Romam
398 1562 486 1625 legator
505 1562 624 1615 mitterent,
648 1562 706 1623 pacti
721 1568 779 1611 sunt
797 1562 833 1609 ii·

162 1629 240 1673 mentri
254 1628 364 1689 stipendio
378 1626 542 1688 frumentoque,
559 1634 583 1672 et
597 1626 690 1687 singuiis
701 1626 724 1671 in
735 1626 832 1675 militm

161 1692 249 1737 tunicis.
284 1692 323 1737 Ab
333 1698 412 1737 senstu
422 1691 450 1736 nd
459 1691 570 1737 Marcium
582 1690 663 1752 rejecti,
681 1691 717 1737 cui
728 1692 833 1741 enatus

161 1756 265 1801 consulto
275 1755 406 1815 permissum
415 1755 443 1800 de
451 1753 557 1801 Hernicis
568 1762 628 1802 erat:
641 1756 704 1815 isque
715 1771 766 1803 eam
773 1770 832 1818 gen-

161 1825 208 1879 tem
218 1819 242 1863 iu
253 1817 387 1864 deditione·
398 1819 490 1879 accepit
525 1819 558 1866 Et
568 1820 591 1865 in
603 1820 694 1867 Samnio
707 1820 764 1867 ulter
775 1836 831 1867 eon-

162 1882 204 1935 sul,
222 1882 322 1943 superior
337 1882 425 1934 vinitam,
442 1884 499 1929 locis
514 1884 639 1947 impeditior
655 1890 710 1931 ersi.
746 1885 831 1933 Omnis

160 1946 241 1993 itinera
250 1947 393 2007 obrepserant
400 1946 483 2001 hostes,
496 1948 608 2010 saltusque
617 1950 707 2011 pervios
716 1958 829 2013 ceperant,

161 2025 191 2056 ne
200 2009 245 2071 qud
254 2011 346 2057 subvehi
356 2020 495 2059 commeatus
505 2021 596 2075 possent
602 2032 610 2071 ;
628 2028 699 2075 neque
713 2030 761 2068 eos,
778 2028 829 2062 eum

160 2074 259 2135 quotidie
275 2075 339 2137 signu
355 2075 378 2120 in
394 2076 464 2122 eciem
481 2078 559 2123 consul
574 2078 689 2139 proferret,
707 2078 791 2127 elicere
803 2079 830 2127 ad

160 2147 272 2187 eermmen
280 2147 377 2200 poterut:
388 2141 485 2202 san'sque
492 2143 615 2203 apparebat,
625 2157 696 2205 neque
705 2143 830 2191 Ssrnnitnn

159 2211 273 2252 certamen
282 2220 389 2267 praesens,
406 2220 448 2251 nec
459 2204 587 2253 Romanum
595 2207 724 2254 dilutionem
735 2208 787 2255 belii
797 2209 831 2256 In-

159 2276 243 2319 turum.
277 2270 398 2317 Adventus
419 2269 508 2324 Msrcii,
530 2271 574 2333 qui,
592 2270 702 2319 Hernicis
723 2272 828 2326 subsetit.

159 2334 280 2382 mutuavit
293 2335 388 2397 collega
402 2335 478 2381 venire
494 2336 582 2389 aurelio,
599 2351 685 2383 moram
700 2338 829 2385 certaminis

159 2400 219 2446 hosti
229 2400 324 2447 exemit:
344 2414 404 2453 nam,
421 2407 447 2446 ut
458 2400 495 2460 qui
507 2414 535 2446 ne
546 2400 609 2448 alteri
619 2401 706 2462 quidem
718 2403 827 2449 mreind

159 2478 184 2511 se
202 2464 231 2510 sd
246 2472 358 2511 cemamen
377 2463 521 2510 credidissent
537 2480 607 2526 pares,
625 2466 732 2529 conjungi
749 2468 827 2527 utique

158 2528 218 2587 passi
232 2528 288 2575 dnos
299 2528 427 2575 consulares
436 2528 547 2575 exercitus
559 2530 613 2575 nihil
622 2530 738 2579 crederent
749 2546 826 2593 super·

159 2605 209 2637 ense
216 2592 270 2653 spei,
287 2593 441 2640 sdveraientem
450 2593 600 2653 incomposito
609 2594 699 2655 agmine
709 2595 826 2643 Marem

157 2656 324 2717 toemdiuutur.
355 2656 452 2720 Raptim
462 2656 550 2705 collam
564 2658 657 2707 sarcinae
670 2660 694 2707 in
708 2660 825 2717 modium
