<?xml version="1.0" encoding="UTF-8"?>
<!DOCTYPE html PUBLIC "-//W3C//DTD XHTML 1.0 Transitional//EN"
    "http://www.w3.org/TR/xhtml1/DTD/xhtml1-transitional.dtd">
<html xmlns="http://www.w3.org/1999/xhtml" xml:lang="en" lang="en">
 <head>
  <title>
</title>
<meta http-equiv="Content-Type" content="text/html;charset=utf-8" />
  <meta name='ocr-system' content='tesseract 3.04.00' />
  <meta name='ocr-capabilities' content='ocr_page ocr_carea ocr_par ocr_line ocrx_word'/>
</head>
<body>
  <div class='ocr_page' id='page_1' title='image "./tliviipatavinih02caregoog_0319.png"; bbox 0 0 1809 2950; ppageno 0'>
   <div class='ocr_carea' id='block_1_1' title="bbox 172 143 719 224">
    <p class='ocr_par' dir='ltr' id='par_1_1' title="bbox 172 143 719 224">
     <span class='ocr_line' id='line_1_1' title="bbox 172 143 719 224; baseline -0.015 0"><span class='ocrx_word' id='word_1_1' title='bbox 172 177 221 224; x_wconf 73' lang='lat' dir='ltr'>sos</span> <span class='ocrx_word' id='word_1_2' title='bbox 247 143 252 154; x_wconf 83' lang='lat'>&#39;</span> <span class='ocrx_word' id='word_1_3' title='bbox 287 167 318 216; x_wconf 81' lang='lat' dir='ltr'>n.</span> <span class='ocrx_word' id='word_1_4' title='bbox 332 164 419 215; x_wconf 79' lang='lat' dir='ltr'>mvn</span> <span class='ocrx_word' id='word_1_5' title='bbox 435 165 488 215; x_wconf 77' lang='lat' dir='ltr'>uu.</span> <span class='ocrx_word' id='word_1_6' title='bbox 502 163 587 216; x_wconf 81' lang='lat' dir='ltr'>xxu</span> <span class='ocrx_word' id='word_1_7' title='bbox 607 159 667 217; x_wconf 66' lang='lat' dir='ltr'>css.</span> <span class='ocrx_word' id='word_1_8' title='bbox 680 166 719 216; x_wconf 81' lang='lat' dir='ltr'>ro</span> 
     </span>
    </p>
   </div>
   <div class='ocr_carea' id='block_1_2' title="bbox 175 291 845 374">
    <p class='ocr_par' dir='ltr' id='par_1_2' title="bbox 175 291 845 374">
     <span class='ocr_line' id='line_1_2' title="bbox 175 291 845 374; baseline -0.007 -27"><span class='ocrx_word' id='word_1_9' title='bbox 175 299 373 362; x_wconf 61' lang='lat' dir='ltr'>auspiciorumque,</span> <span class='ocrx_word' id='word_1_10' title='bbox 390 311 456 358; x_wconf 86' lang='lat' dir='ltr'>qusm</span> <span class='ocrx_word' id='word_1_11' title='bbox 467 297 590 344; x_wconf 76' lang='lat' dir='ltr'>temeritate</span> <span class='ocrx_word' id='word_1_12' title='bbox 600 303 666 359; x_wconf 77' lang='lat' dir='ltr'>etque</span> <span class='ocrx_word' id='word_1_13' title='bbox 675 291 779 374; x_wconf 65' lang='lat' dir='ltr'>inscitii,⁸</span> <span class='ocrx_word' id='word_1_14' title='bbox 790 307 845 360; x_wconf 75' lang='lat' dir='ltr'>peu·</span> 
     </span>
    </p>
   </div>
   <div class='ocr_carea' id='block_1_3' title="bbox 176 362 847 2732">
    <p class='ocr_par' dir='ltr' id='par_1_3' title="bbox 176 362 847 2732">
     <span class='ocr_line' id='line_1_3' title="bbox 176 362 845 424; baseline -0.01 -11"><span class='ocrx_word' id='word_1_15' title='bbox 176 374 251 413; x_wconf 83' lang='lat' dir='ltr'>ustum</span> <span class='ocrx_word' id='word_1_16' title='bbox 268 379 282 411; x_wconf 87' lang='lat' dir='ltr'>s</span> <span class='ocrx_word' id='word_1_17' title='bbox 296 362 324 411; x_wconf 88' lang='lat' dir='ltr'>C·</span> <span class='ocrx_word' id='word_1_18' title='bbox 337 362 445 408; x_wconf 77' lang='lat' dir='ltr'>Flaminio</span> <span class='ocrx_word' id='word_1_19' title='bbox 462 362 552 408; x_wconf 83' lang='lat' dir='ltr'>consule</span> <span class='ocrx_word' id='word_1_20' title='bbox 566 377 629 418; x_wconf 89' lang='lat' dir='ltr'>esse;</span> <span class='ocrx_word' id='word_1_21' title='bbox 646 376 742 422; x_wconf 82' lang='lat' dir='ltr'>quaeque</span> <span class='ocrx_word' id='word_1_22' title='bbox 755 363 845 424; x_wconf 79' lang='lat' dir='ltr'>pnculs</span> 
     </span>
     <span class='ocr_line' id='line_1_4' title="bbox 176 425 844 488; baseline -0.003 -12"><span class='ocrx_word' id='word_1_23' title='bbox 176 431 217 476; x_wconf 67' lang='lat' dir='ltr'>irre</span> <span class='ocrx_word' id='word_1_24' title='bbox 226 429 304 476; x_wconf 82' lang='lat' dir='ltr'>Deum</span> <span class='ocrx_word' id='word_1_25' title='bbox 314 434 395 480; x_wconf 82' lang='lat' dir='ltr'>essent,</span> <span class='ocrx_word' id='word_1_26' title='bbox 411 427 471 486; x_wconf 89' lang='lat' dir='ltr'>ipsos</span> <span class='ocrx_word' id='word_1_27' title='bbox 482 425 546 472; x_wconf 86' lang='lat' dir='ltr'>Deos</span> <span class='ocrx_word' id='word_1_28' title='bbox 556 426 704 472; x_wconf 86' lang='lat' dir='ltr'>consulendos</span> <span class='ocrx_word' id='word_1_29' title='bbox 714 441 767 474; x_wconf 86' lang='lat' dir='ltr'>esse</span> <span class='ocrx_word' id='word_1_30' title='bbox 773 442 781 483; x_wconf 87' lang='lat'>;</span> <span class='ocrx_word' id='word_1_31' title='bbox 794 441 844 488; x_wconf 92' lang='lat' dir='ltr'>per-</span> 
     </span>
     <span class='ocr_line' id='line_1_5' title="bbox 177 489 844 555; baseline -0.006 -14"><span class='ocrx_word' id='word_1_32' title='bbox 177 494 240 547; x_wconf 77' lang='lat' dir='ltr'>vicit,</span> <span class='ocrx_word' id='word_1_33' title='bbox 257 501 283 539; x_wconf 94' lang='lat' dir='ltr'>ut</span> <span class='ocrx_word' id='word_1_34' title='bbox 294 492 365 555; x_wconf 86' lang='lat' dir='ltr'>(quod</span> <span class='ocrx_word' id='word_1_35' title='bbox 378 504 423 535; x_wconf 88' lang='lat' dir='ltr'>non</span> <span class='ocrx_word' id='word_1_36' title='bbox 433 490 502 536; x_wconf 76' lang='lat' dir='ltr'>terme</span> <span class='ocrx_word' id='word_1_37' title='bbox 516 489 646 543; x_wconf 81' lang='lat' dir='ltr'>decernitur,</span> <span class='ocrx_word' id='word_1_38' title='bbox 664 490 707 536; x_wconf 82' lang='lat' dir='ltr'>uisi</span> <span class='ocrx_word' id='word_1_39' title='bbox 720 505 776 536; x_wconf 88' lang='lat' dir='ltr'>cum</span> <span class='ocrx_word' id='word_1_40' title='bbox 787 497 844 537; x_wconf 68' lang='lat' dir='ltr'>tetra</span> 
     </span>
     <span class='ocr_line' id='line_1_6' title="bbox 177 552 846 621; baseline 0 -20"><span class='ocrx_word' id='word_1_41' title='bbox 177 555 396 621; x_wconf 72' lang='lat' dir='ltr'>prodiginuuntists</span> <span class='ocrx_word' id='word_1_42' title='bbox 413 552 475 614; x_wconf 84' lang='lat' dir='ltr'>sunt)</span> <span class='ocrx_word' id='word_1_43' title='bbox 494 554 612 600; x_wconf 81' lang='lat' dir='ltr'>decemviri</span> <span class='ocrx_word' id='word_1_44' title='bbox 631 554 700 605; x_wconf 75' lang='lat' dir='ltr'>liuros</span> <span class='ocrx_word' id='word_1_45' title='bbox 720 553 846 616; x_wconf 74' lang='lat' dir='ltr'>Sibyllinos</span> 
     </span>
     <span class='ocr_line' id='line_1_7' title="bbox 178 617 844 684; baseline -0.006 -15"><span class='ocrx_word' id='word_1_46' title='bbox 178 622 387 684; x_wconf 75' lang='lat' dir='ltr'>odirejuberentur:</span> <span class='ocrx_word' id='word_1_47' title='bbox 405 619 451 678; x_wconf 90' lang='lat' dir='ltr'>qui,</span> <span class='ocrx_word' id='word_1_48' title='bbox 469 618 572 678; x_wconf 82' lang='lat' dir='ltr'>inspectis</span> <span class='ocrx_word' id='word_1_49' title='bbox 581 617 682 664; x_wconf 74' lang='lat' dir='ltr'>fatalibus</span> <span class='ocrx_word' id='word_1_50' title='bbox 693 617 766 671; x_wconf 85' lang='lat' dir='ltr'>libris,</span> <span class='ocrx_word' id='word_1_51' title='bbox 785 625 844 665; x_wconf 82' lang='lat' dir='ltr'>retu-</span> 
     </span>
     <span class='ocr_line' id='line_1_8' title="bbox 177 679 843 744; baseline -0.006 -12"><span class='ocrx_word' id='word_1_52' title='bbox 177 687 251 733; x_wconf 84' lang='lat' dir='ltr'>lerunt</span> <span class='ocrx_word' id='word_1_53' title='bbox 259 684 367 735; x_wconf 76' lang='lat' dir='ltr'>Putnlsus,</span> <span class='ocrx_word' id='word_1_54' title='bbox 386 689 402 711; x_wconf 73' lang='lat'>‘⁶</span> <span class='ocrx_word' id='word_1_55' title='bbox 413 683 474 742; x_wconf 89' lang='lat' dir='ltr'>quod</span> <span class='ocrx_word' id='word_1_56' title='bbox 484 684 530 744; x_wconf 86' lang='lat' dir='ltr'>ejus</span> <span class='ocrx_word' id='word_1_57' title='bbox 541 682 590 729; x_wconf 86' lang='lat' dir='ltr'>belli</span> <span class='ocrx_word' id='word_1_58' title='bbox 601 679 667 728; x_wconf 78' lang='lat' dir='ltr'>esurit</span> <span class='ocrx_word' id='word_1_59' title='bbox 677 688 761 728; x_wconf 85' lang='lat' dir='ltr'>votum</span> <span class='ocrx_word' id='word_1_60' title='bbox 773 682 843 728; x_wconf 77' lang='lat' dir='ltr'>Morti</span> 
     </span>
     <span class='ocr_line' id='line_1_9' title="bbox 177 745 843 810; baseline -0.009 -14"><span class='ocrx_word' id='word_1_61' title='bbox 177 750 244 803; x_wconf 80' lang='lat' dir='ltr'>foret,</span> <span class='ocrx_word' id='word_1_62' title='bbox 260 747 283 794; x_wconf 88' lang='lat' dir='ltr'>id</span> <span class='ocrx_word' id='word_1_63' title='bbox 297 761 342 792; x_wconf 89' lang='lat' dir='ltr'>uon</span> <span class='ocrx_word' id='word_1_64' title='bbox 357 747 399 791; x_wconf 86' lang='lat' dir='ltr'>rite</span> <span class='ocrx_word' id='word_1_65' title='bbox 411 745 502 799; x_wconf 79' lang='lat' dir='ltr'>sectum,</span> <span class='ocrx_word' id='word_1_66' title='bbox 521 746 548 792; x_wconf 80' lang='lat' dir='ltr'>tle</span> <span class='ocrx_word' id='word_1_67' title='bbox 562 746 649 808; x_wconf 81' lang='lat' dir='ltr'>integro</span> <span class='ocrx_word' id='word_1_68' title='bbox 663 751 732 806; x_wconf 71' lang='lat' dir='ltr'>etque</span> <span class='ocrx_word' id='word_1_69' title='bbox 749 747 843 810; x_wconf 71' lang='lat' dir='ltr'>amplios</span> 
     </span>
     <span class='ocr_line' id='line_1_10' title="bbox 177 809 844 872; baseline -0.009 -12"><span class='ocrx_word' id='word_1_70' title='bbox 177 812 302 860; x_wconf 76' lang='lat' dir='ltr'>faciendum</span> <span class='ocrx_word' id='word_1_71' title='bbox 317 823 378 855; x_wconf 86' lang='lat' dir='ltr'>esse:</span> <span class='ocrx_word' id='word_1_72' title='bbox 397 817 420 855; x_wconf 91' lang='lat' dir='ltr'>et</span> <span class='ocrx_word' id='word_1_73' title='bbox 429 809 484 857; x_wconf 82' lang='lat' dir='ltr'>Jovi</span> <span class='ocrx_word' id='word_1_74' title='bbox 494 810 559 856; x_wconf 90' lang='lat' dir='ltr'>ludos</span> <span class='ocrx_word' id='word_1_75' title='bbox 568 824 668 872; x_wconf 72' lang='lat' dir='ltr'>magnos,</span> <span class='ocrx_word' id='word_1_76' title='bbox 684 817 711 855; x_wconf 81' lang='lat' dir='ltr'>et</span> <span class='ocrx_word' id='word_1_77' title='bbox 722 811 788 857; x_wconf 81' lang='lat' dir='ltr'>aedcs</span> <span class='ocrx_word' id='word_1_78' title='bbox 798 809 844 858; x_wconf 74' lang='lat' dir='ltr'>Ve-</span> 
     </span>
     <span class='ocr_line' id='line_1_11' title="bbox 178 873 845 936; baseline -0.001 -14"><span class='ocrx_word' id='word_1_79' title='bbox 178 877 226 923; x_wconf 84' lang='lat' dir='ltr'>neri</span> <span class='ocrx_word' id='word_1_80' title='bbox 243 875 349 935; x_wconf 84' lang='lat' dir='ltr'>Erycinae</span> <span class='ocrx_word' id='word_1_81' title='bbox 365 887 391 920; x_wconf 88' lang='lat' dir='ltr'>sc</span> <span class='ocrx_word' id='word_1_82' title='bbox 406 873 481 920; x_wconf 87' lang='lat' dir='ltr'>Menti</span> <span class='ocrx_word' id='word_1_83' title='bbox 497 874 608 920; x_wconf 75' lang='lat' dir='ltr'>vovendas</span> <span class='ocrx_word' id='word_1_84' title='bbox 621 889 676 927; x_wconf 83' lang='lat' dir='ltr'>osse,</span> <span class='ocrx_word' id='word_1_85' title='bbox 696 881 720 920; x_wconf 88' lang='lat' dir='ltr'>et</span> <span class='ocrx_word' id='word_1_86' title='bbox 736 874 845 936; x_wconf 84' lang='lat' dir='ltr'>supplies·</span> 
     </span>
     <span class='ocr_line' id='line_1_12' title="bbox 178 937 843 998; baseline -0.002 -12"><span class='ocrx_word' id='word_1_87' title='bbox 178 941 262 987; x_wconf 82' lang='lat' dir='ltr'>tionem</span> <span class='ocrx_word' id='word_1_88' title='bbox 279 937 483 998; x_wconf 83' lang='lat' dir='ltr'>lectisterniumque</span> <span class='ocrx_word' id='word_1_89' title='bbox 500 939 631 991; x_wconf 77' lang='lat' dir='ltr'>habendum,</span> <span class='ocrx_word' id='word_1_90' title='bbox 654 945 678 984; x_wconf 89' lang='lat' dir='ltr'>et</span> <span class='ocrx_word' id='word_1_91' title='bbox 696 953 740 984; x_wconf 81' lang='lat' dir='ltr'>ver</span> <span class='ocrx_word' id='word_1_92' title='bbox 752 953 843 985; x_wconf 64' lang='lat' dir='ltr'>nortun</span> 
     </span>
     <span class='ocr_line' id='line_1_13' title="bbox 178 1003 845 1065; baseline -0.001 -15"><span class='ocrx_word' id='word_1_93' title='bbox 178 1003 313 1055; x_wconf 80' lang='lat' dir='ltr'>vovendum,</span> <span class='ocrx_word' id='word_1_94' title='bbox 332 1003 461 1048; x_wconf 85' lang='lat' dir='ltr'>sibellstum</span> <span class='ocrx_word' id='word_1_95' title='bbox 471 1017 576 1064; x_wconf 73' lang='lat' dir='ltr'>prospere</span> <span class='ocrx_word' id='word_1_96' title='bbox 585 1009 650 1056; x_wconf 80' lang='lat' dir='ltr'>esset,</span> <span class='ocrx_word' id='word_1_97' title='bbox 667 1017 752 1064; x_wconf 90' lang='lat' dir='ltr'>resque</span> <span class='ocrx_word' id='word_1_98' title='bbox 762 1003 845 1065; x_wconf 79' lang='lat' dir='ltr'>publicu</span> 
     </span>
     <span class='ocr_line' id='line_1_14' title="bbox 178 1062 847 1128; baseline -0.003 -12"><span class='ocrx_word' id='word_1_99' title='bbox 178 1070 203 1116; x_wconf 88' lang='lat' dir='ltr'>in</span> <span class='ocrx_word' id='word_1_100' title='bbox 218 1062 303 1119; x_wconf 73' lang='lat' dir='ltr'>colen,</span> <span class='ocrx_word' id='word_1_101' title='bbox 321 1081 367 1126; x_wconf 90' lang='lat' dir='ltr'>quo</span> <span class='ocrx_word' id='word_1_102' title='bbox 381 1074 433 1112; x_wconf 82' lang='lat' dir='ltr'>unte</span> <span class='ocrx_word' id='word_1_103' title='bbox 444 1067 527 1113; x_wconf 88' lang='lat' dir='ltr'>bellum</span> <span class='ocrx_word' id='word_1_104' title='bbox 537 1065 622 1120; x_wconf 81' lang='lat' dir='ltr'>fuisset,</span> <span class='ocrx_word' id='word_1_105' title='bbox 641 1072 701 1113; x_wconf 81' lang='lat' dir='ltr'>stetu</span> <span class='ocrx_word' id='word_1_106' title='bbox 712 1068 847 1128; x_wconf 71' lang='lat' dir='ltr'>pennensis·</span> 
     </span>
     <span class='ocr_line' id='line_1_15' title="bbox 180 1129 846 1193; baseline 0.002 -17"><span class='ocrx_word' id='word_1_107' title='bbox 180 1130 242 1179; x_wconf 84' lang='lat' dir='ltr'>set.”</span> <span class='ocrx_word' id='word_1_108' title='bbox 276 1131 378 1183; x_wconf 87' lang='lat' dir='ltr'>Senstus,</span> <span class='ocrx_word' id='word_1_109' title='bbox 396 1131 498 1190; x_wconf 85' lang='lat' dir='ltr'>quonism</span> <span class='ocrx_word' id='word_1_110' title='bbox 514 1129 606 1176; x_wconf 80' lang='lat' dir='ltr'>Fabium</span> <span class='ocrx_word' id='word_1_111' title='bbox 621 1131 672 1177; x_wconf 87' lang='lat' dir='ltr'>belli</span> <span class='ocrx_word' id='word_1_112' title='bbox 687 1145 846 1193; x_wconf 66' lang='lat' dir='ltr'>oursoocnpn·</span> 
     </span>
     <span class='ocr_line' id='line_1_16' title="bbox 180 1194 847 1257; baseline -0.001 -16"><span class='ocrx_word' id='word_1_113' title='bbox 180 1203 231 1241; x_wconf 85' lang='lat' dir='ltr'>turs</span> <span class='ocrx_word' id='word_1_114' title='bbox 241 1202 306 1246; x_wconf 88' lang='lat' dir='ltr'>esset,</span> <span class='ocrx_word' id='word_1_115' title='bbox 324 1194 360 1239; x_wconf 86' lang='lat' dir='ltr'>M.</span> <span class='ocrx_word' id='word_1_116' title='bbox 371 1194 488 1240; x_wconf 86' lang='lat' dir='ltr'>AEmilium</span> <span class='ocrx_word' id='word_1_117' title='bbox 502 1201 626 1256; x_wconf 84' lang='lat' dir='ltr'>praetorem,</span> <span class='ocrx_word' id='word_1_118' title='bbox 644 1208 673 1240; x_wconf 86' lang='lat' dir='ltr'>ex</span> <span class='ocrx_word' id='word_1_119' title='bbox 687 1195 781 1257; x_wconf 80' lang='lat' dir='ltr'>collegii</span> <span class='ocrx_word' id='word_1_120' title='bbox 795 1210 847 1257; x_wconf 86' lang='lat' dir='ltr'>pon-</span> 
     </span>
     <span class='ocr_line' id='line_1_17' title="bbox 180 1254 847 1312; baseline 0.003 -8"><span class='ocrx_word' id='word_1_121' title='bbox 180 1259 266 1307; x_wconf 85' lang='lat' dir='ltr'>tificum</span> <span class='ocrx_word' id='word_1_122' title='bbox 285 1254 399 1308; x_wconf 78' lang='lat' dir='ltr'>sententit,</span> <span class='ocrx_word' id='word_1_123' title='bbox 417 1258 492 1301; x_wconf 83' lang='lat' dir='ltr'>omnis</span> <span class='ocrx_word' id='word_1_124' title='bbox 505 1273 532 1301; x_wconf 82' lang='lat' dir='ltr'>es</span> <span class='ocrx_word' id='word_1_125' title='bbox 545 1266 571 1303; x_wconf 90' lang='lat' dir='ltr'>ut</span> <span class='ocrx_word' id='word_1_126' title='bbox 588 1265 674 1304; x_wconf 80' lang='lat' dir='ltr'>mature</span> <span class='ocrx_word' id='word_1_127' title='bbox 690 1257 755 1312; x_wconf 78' lang='lat' dir='ltr'>fiunt,</span> <span class='ocrx_word' id='word_1_128' title='bbox 774 1271 847 1306; x_wconf 75' lang='lat' dir='ltr'>eunte</span> 
     </span>
     <span class='ocr_line' id='line_1_18' title="bbox 181 1325 721 1371; baseline -0.006 0"><span class='ocrx_word' id='word_1_129' title='bbox 181 1325 249 1371; x_wconf 81' lang='lat' dir='ltr'>‘ubet</span> <span class='ocrx_word' id='word_1_130' title='bbox 717 1363 721 1368; x_wconf 87' lang='lat'>.</span> 
     </span>
     <span class='ocr_line' id='line_1_19' title="bbox 177 1339 846 1447; baseline 0.004 -14"><span class='ocrx_word' id='word_1_131' title='bbox 177 1339 190 1387; x_wconf 60' lang='lat' dir='ltr'>l</span> <span class='ocrx_word' id='word_1_132' title='bbox 215 1387 248 1433; x_wconf 81' lang='grc' dir='ltr'>Χ.</span> <span class='ocrx_word' id='word_1_133' title='bbox 266 1386 312 1432; x_wconf 75' lang='lat' dir='ltr'>His</span> <span class='ocrx_word' id='word_1_134' title='bbox 329 1383 536 1431; x_wconf 68' lang='lat' dir='ltr'>senatusconsultis</span> <span class='ocrx_word' id='word_1_135' title='bbox 552 1383 662 1447; x_wconf 66' lang='lat' dir='ltr'>perlectis,</span> <span class='ocrx_word' id='word_1_136' title='bbox 681 1385 710 1432; x_wconf 84' lang='lat' dir='ltr'>L</span> <span class='ocrx_word' id='word_1_137' title='bbox 728 1385 846 1436; x_wconf 79' lang='lat' dir='ltr'>Cornelius</span> 
     </span>
     <span class='ocr_line' id='line_1_20' title="bbox 182 1448 844 1517; baseline -0.002 -17"><span class='ocrx_word' id='word_1_138' title='bbox 182 1451 300 1505; x_wconf 76' lang='lat' dir='ltr'>Lentulus,</span> <span class='ocrx_word' id='word_1_139' title='bbox 312 1448 412 1512; x_wconf 80' lang='lat' dir='ltr'>pontifex</span> <span class='ocrx_word' id='word_1_140' title='bbox 418 1449 536 1505; x_wconf 78' lang='lat' dir='ltr'>maximus,</span> <span class='ocrx_word' id='word_1_141' title='bbox 549 1449 676 1499; x_wconf 82' lang='lat' dir='ltr'>consulente</span> <span class='ocrx_word' id='word_1_142' title='bbox 684 1451 782 1515; x_wconf 80' lang='lat' dir='ltr'>collegio</span> <span class='ocrx_word' id='word_1_143' title='bbox 790 1467 844 1517; x_wconf 71' lang='lat' dir='ltr'>prn-</span> 
     </span>
     <span class='ocr_line' id='line_1_21' title="bbox 181 1515 844 1576; baseline 0 -12"><span class='ocrx_word' id='word_1_144' title='bbox 181 1524 264 1569; x_wconf 85' lang='lat' dir='ltr'>torum,</span> <span class='ocrx_word' id='word_1_145' title='bbox 284 1516 383 1561; x_wconf 87' lang='lat' dir='ltr'>omnium</span> <span class='ocrx_word' id='word_1_146' title='bbox 401 1515 496 1576; x_wconf 85' lang='lat' dir='ltr'>primum</span> <span class='ocrx_word' id='word_1_147' title='bbox 514 1515 620 1576; x_wconf 84' lang='lat' dir='ltr'>populum</span> <span class='ocrx_word' id='word_1_148' title='bbox 639 1516 801 1563; x_wconf 88' lang='lat' dir='ltr'>consulendum</span> <span class='ocrx_word' id='word_1_149' title='bbox 818 1517 844 1564; x_wconf 76' lang='lat' dir='ltr'>de</span> 
     </span>
     <span class='ocr_line' id='line_1_22' title="bbox 181 1579 841 1643; baseline -0.002 -16"><span class='ocrx_word' id='word_1_150' title='bbox 181 1596 235 1627; x_wconf 80' lang='lat' dir='ltr'>vere</span> <span class='ocrx_word' id='word_1_151' title='bbox 252 1596 315 1626; x_wconf 81' lang='lat' dir='ltr'>sucro</span> <span class='ocrx_word' id='word_1_152' title='bbox 329 1586 417 1625; x_wconf 86' lang='lat' dir='ltr'>censet:</span> <span class='ocrx_word' id='word_1_153' title='bbox 434 1579 519 1641; x_wconf 78' lang='lat' dir='ltr'>injussu</span> <span class='ocrx_word' id='word_1_154' title='bbox 533 1580 607 1640; x_wconf 91' lang='lat' dir='ltr'>populi</span> <span class='ocrx_word' id='word_1_155' title='bbox 622 1580 699 1627; x_wconf 82' lang='lat' dir='ltr'>voveri</span> <span class='ocrx_word' id='word_1_156' title='bbox 713 1595 761 1626; x_wconf 88' lang='lat' dir='ltr'>non</span> <span class='ocrx_word' id='word_1_157' title='bbox 772 1596 841 1643; x_wconf 78' lang='lat' dir='ltr'>posse.</span> 
     </span>
     <span class='ocr_line' id='line_1_23' title="bbox 182 1642 844 1709; baseline 0.003 -18"><span class='ocrx_word' id='word_1_158' title='bbox 182 1645 288 1705; x_wconf 77' lang='lat' dir='ltr'>Rogatus</span> <span class='ocrx_word' id='word_1_159' title='bbox 298 1645 322 1689; x_wconf 86' lang='lat' dir='ltr'>in</span> <span class='ocrx_word' id='word_1_160' title='bbox 336 1645 385 1689; x_wconf 82' lang='lat' dir='ltr'>haec</span> <span class='ocrx_word' id='word_1_161' title='bbox 395 1644 461 1689; x_wconf 81' lang='lat' dir='ltr'>verbu</span> <span class='ocrx_word' id='word_1_162' title='bbox 471 1642 571 1704; x_wconf 87' lang='lat' dir='ltr'>populus,</span> <span class='ocrx_word' id='word_1_163' title='bbox 594 1650 608 1673; x_wconf 71' lang='lat'>¹*</span> <span class='ocrx_word' id='word_1_164' title='bbox 619 1643 702 1691; x_wconf 87' lang='lat' dir='ltr'>Velitis</span> <span class='ocrx_word' id='word_1_165' title='bbox 708 1642 844 1709; x_wconf 69' lang='lat' dir='ltr'>jubeatis[ne</span> 
     </span>
     <span class='ocr_line' id='line_1_24' title="bbox 183 1706 842 1770; baseline 0.002 -15"><span class='ocrx_word' id='word_1_166' title='bbox 183 1710 226 1755; x_wconf 86' lang='lat' dir='ltr'>hoc</span> <span class='ocrx_word' id='word_1_167' title='bbox 233 1709 264 1755; x_wconf 84' lang='lat' dir='ltr'>sie</span> <span class='ocrx_word' id='word_1_168' title='bbox 275 1706 350 1770; x_wconf 82' lang='lat' dir='ltr'>fierii]</span> <span class='ocrx_word' id='word_1_169' title='bbox 363 1708 380 1753; x_wconf 90' lang='lat' dir='ltr'>sl</span> <span class='ocrx_word' id='word_1_170' title='bbox 392 1722 427 1753; x_wconf 84' lang='lat' dir='ltr'>res</span> <span class='ocrx_word' id='word_1_171' title='bbox 436 1708 522 1768; x_wconf 77' lang='lat' dir='ltr'>publius</span> <span class='ocrx_word' id='word_1_172' title='bbox 532 1708 606 1768; x_wconf 89' lang='lat' dir='ltr'>populi</span> <span class='ocrx_word' id='word_1_173' title='bbox 614 1706 712 1755; x_wconf 77' lang='lat' dir='ltr'>Romani</span> <span class='ocrx_word' id='word_1_174' title='bbox 723 1708 842 1763; x_wconf 82' lang='lat' dir='ltr'>Quiritium</span> 
     </span>
     <span class='ocr_line' id='line_1_25' title="bbox 182 1771 844 1835; baseline 0.005 -17"><span class='ocrx_word' id='word_1_175' title='bbox 182 1772 211 1818; x_wconf 81' lang='lat' dir='ltr'>sd</span> <span class='ocrx_word' id='word_1_176' title='bbox 225 1771 399 1835; x_wconf 75' lang='lat' dir='ltr'>quinquennium</span> <span class='ocrx_word' id='word_1_177' title='bbox 412 1772 546 1832; x_wconf 78' lang='lat' dir='ltr'>proximrun,</span> <span class='ocrx_word' id='word_1_178' title='bbox 563 1772 619 1818; x_wconf 89' lang='lat' dir='ltr'>sicut</span> <span class='ocrx_word' id='word_1_179' title='bbox 633 1773 701 1819; x_wconf 84' lang='lat' dir='ltr'>velim</span> <span class='ocrx_word' id='word_1_180' title='bbox 712 1787 770 1827; x_wconf 80' lang='lat' dir='ltr'>eom,</span> <span class='ocrx_word' id='word_1_181' title='bbox 786 1775 844 1821; x_wconf 77' lang='lat' dir='ltr'>sslrs</span> 
     </span>
     <span class='ocr_line' id='line_1_26' title="bbox 183 1833 843 1900; baseline 0.003 -19"><span class='ocrx_word' id='word_1_182' title='bbox 183 1836 271 1881; x_wconf 65' lang='lat' dir='ltr'>servati</span> <span class='ocrx_word' id='word_1_183' title='bbox 280 1835 322 1881; x_wconf 87' lang='lat' dir='ltr'>erit</span> <span class='ocrx_word' id='word_1_184' title='bbox 332 1833 392 1880; x_wconf 83' lang='lat' dir='ltr'>hisce</span> <span class='ocrx_word' id='word_1_185' title='bbox 402 1834 495 1892; x_wconf 88' lang='lat' dir='ltr'>duellis;</span> <span class='ocrx_word' id='word_1_186' title='bbox 509 1836 584 1882; x_wconf 81' lang='lat' dir='ltr'>dutum</span> <span class='ocrx_word' id='word_1_187' title='bbox 596 1836 678 1883; x_wconf 88' lang='lat' dir='ltr'>donum</span> <span class='ocrx_word' id='word_1_188' title='bbox 689 1836 737 1882; x_wconf 87' lang='lat' dir='ltr'>duit</span> <span class='ocrx_word' id='word_1_189' title='bbox 751 1838 843 1900; x_wconf 85' lang='lat' dir='ltr'>populus</span> 
     </span>
     <span class='ocr_line' id='line_1_27' title="bbox 182 1896 843 1963; baseline 0.011 -21"><span class='ocrx_word' id='word_1_190' title='bbox 182 1898 301 1948; x_wconf 72' lang='lat' dir='ltr'>Romnms</span> <span class='ocrx_word' id='word_1_191' title='bbox 314 1896 443 1952; x_wconf 81' lang='lat' dir='ltr'>Quiritium,</span> <span class='ocrx_word' id='word_1_192' title='bbox 456 1901 527 1963; x_wconf 88' lang='lat' dir='ltr'>(quod</span> <span class='ocrx_word' id='word_1_193' title='bbox 540 1900 637 1947; x_wconf 85' lang='lat' dir='ltr'>duellum</span> <span class='ocrx_word' id='word_1_194' title='bbox 647 1901 730 1963; x_wconf 88' lang='lat' dir='ltr'>populo</span> <span class='ocrx_word' id='word_1_195' title='bbox 740 1900 843 1948; x_wconf 71' lang='lat' dir='ltr'>Romano</span> 
     </span>
     <span class='ocr_line' id='line_1_28' title="bbox 183 1960 842 2025; baseline 0.008 -17"><span class='ocrx_word' id='word_1_196' title='bbox 183 1976 235 2008; x_wconf 84' lang='lat' dir='ltr'>eum</span> <span class='ocrx_word' id='word_1_197' title='bbox 255 1960 432 2022; x_wconf 76' lang='lat' dir='ltr'>Carthaginiensi</span> <span class='ocrx_word' id='word_1_198' title='bbox 450 1972 492 2018; x_wconf 86' lang='lat' dir='ltr'>est,</span> <span class='ocrx_word' id='word_1_199' title='bbox 510 1978 602 2025; x_wconf 68' lang='lat' dir='ltr'>quoque</span> <span class='ocrx_word' id='word_1_200' title='bbox 617 1965 689 2011; x_wconf 77' lang='lat' dir='ltr'>duello</span> <span class='ocrx_word' id='word_1_201' title='bbox 704 1980 757 2011; x_wconf 87' lang='lat' dir='ltr'>eum</span> <span class='ocrx_word' id='word_1_202' title='bbox 774 1964 842 2013; x_wconf 76' lang='lat' dir='ltr'>usus</span> 
     </span>
     <span class='ocr_line' id='line_1_29' title="bbox 183 2025 840 2089; baseline 0.003 -16"><span class='ocrx_word' id='word_1_203' title='bbox 183 2033 243 2080; x_wconf 86' lang='lat' dir='ltr'>sunt,</span> <span class='ocrx_word' id='word_1_204' title='bbox 255 2025 293 2086; x_wconf 89' lang='lat' dir='ltr'>qui</span> <span class='ocrx_word' id='word_1_205' title='bbox 307 2026 339 2071; x_wconf 83' lang='lat' dir='ltr'>cis</span> <span class='ocrx_word' id='word_1_206' title='bbox 349 2026 420 2087; x_wconf 81' lang='lat' dir='ltr'>Alpes</span> <span class='ocrx_word' id='word_1_207' title='bbox 429 2026 494 2087; x_wconf 88' lang='lat' dir='ltr'>sunt)</span> <span class='ocrx_word' id='word_1_208' title='bbox 505 2028 565 2089; x_wconf 89' lang='lat' dir='ltr'>quod</span> <span class='ocrx_word' id='word_1_209' title='bbox 575 2044 614 2076; x_wconf 83' lang='lat' dir='ltr'>ver</span> <span class='ocrx_word' id='word_1_210' title='bbox 624 2030 722 2077; x_wconf 75' lang='lat' dir='ltr'>attulerit</span> <span class='ocrx_word' id='word_1_211' title='bbox 732 2042 762 2075; x_wconf 81' lang='lat' dir='ltr'>ex</span> <span class='ocrx_word' id='word_1_212' title='bbox 772 2030 840 2083; x_wconf 78' lang='lat' dir='ltr'>sufflo,</span> 
     </span>
     <span class='ocr_line' id='line_1_30' title="bbox 183 2089 840 2155; baseline 0.006 -19"><span class='ocrx_word' id='word_1_213' title='bbox 183 2090 259 2144; x_wconf 78' lang='lat' dir='ltr'>ovillo,</span> <span class='ocrx_word' id='word_1_214' title='bbox 275 2089 370 2151; x_wconf 72' lang='lat' dir='ltr'>caprino,</span> <span class='ocrx_word' id='word_1_215' title='bbox 385 2090 468 2137; x_wconf 87' lang='lat' dir='ltr'>bovillo</span> <span class='ocrx_word' id='word_1_216' title='bbox 478 2108 555 2155; x_wconf 79' lang='lat' dir='ltr'>grege,</span> <span class='ocrx_word' id='word_1_217' title='bbox 567 2108 661 2155; x_wconf 82' lang='lat' dir='ltr'>quaeque</span> <span class='ocrx_word' id='word_1_218' title='bbox 669 2092 763 2155; x_wconf 78' lang='lat' dir='ltr'>profanu</span> <span class='ocrx_word' id='word_1_219' title='bbox 772 2100 840 2147; x_wconf 72' lang='lat' dir='ltr'>eruunt.</span> 
     </span>
     <span class='ocr_line' id='line_1_31' title="bbox 184 2149 842 2220; baseline 0.003 -18"><span class='ocrx_word' id='word_1_220' title='bbox 184 2149 238 2203; x_wconf 83' lang='lat' dir='ltr'>Jovi</span> <span class='ocrx_word' id='word_1_221' title='bbox 245 2153 299 2207; x_wconf 84' lang='lat' dir='ltr'>lieri,</span> <span class='ocrx_word' id='word_1_222' title='bbox 308 2151 431 2213; x_wconf 77' lang='lat' dir='ltr'>exqutdie</span> <span class='ocrx_word' id='word_1_223' title='bbox 440 2164 530 2202; x_wconf 78' lang='lat' dir='ltr'>senatus</span> <span class='ocrx_word' id='word_1_224' title='bbox 537 2158 674 2219; x_wconf 89' lang='lat' dir='ltr'>populusque</span> <span class='ocrx_word' id='word_1_225' title='bbox 679 2158 779 2220; x_wconf 84' lang='lat' dir='ltr'>jusserit.</span> <span class='ocrx_word' id='word_1_226' title='bbox 797 2156 842 2211; x_wconf 73' lang='lat' dir='ltr'>uu</span> 
     </span>
     <span class='ocr_line' id='line_1_32' title="bbox 182 2217 842 2283; baseline 0.005 -18"><span class='ocrx_word' id='word_1_227' title='bbox 182 2218 256 2272; x_wconf 69' lang='lat' dir='ltr'>ficiet,</span> <span class='ocrx_word' id='word_1_228' title='bbox 271 2217 358 2279; x_wconf 71' lang='lat' dir='ltr'>quando</span> <span class='ocrx_word' id='word_1_229' title='bbox 371 2218 439 2272; x_wconf 83' lang='lat' dir='ltr'>volet,</span> <span class='ocrx_word' id='word_1_230' title='bbox 454 2217 542 2280; x_wconf 70' lang='lat' dir='ltr'>quique</span> <span class='ocrx_word' id='word_1_231' title='bbox 554 2222 606 2283; x_wconf 78' lang='lat' dir='ltr'>lege</span> <span class='ocrx_word' id='word_1_232' title='bbox 620 2222 686 2274; x_wconf 82' lang='lat' dir='ltr'>volet,</span> <span class='ocrx_word' id='word_1_233' title='bbox 701 2220 782 2267; x_wconf 81' lang='lat' dir='ltr'>sseito:</span> <span class='ocrx_word' id='word_1_234' title='bbox 799 2236 842 2282; x_wconf 84' lang='lat' dir='ltr'>qno</span> 
     </span>
     <span class='ocr_line' id='line_1_33' title="bbox 184 2281 843 2346; baseline 0.006 -17"><span class='ocrx_word' id='word_1_235' title='bbox 184 2283 253 2330; x_wconf 82' lang='lat' dir='ltr'>modo</span> <span class='ocrx_word' id='word_1_236' title='bbox 265 2281 328 2335; x_wconf 78' lang='lat' dir='ltr'>luxit,</span> <span class='ocrx_word' id='word_1_237' title='bbox 342 2283 411 2343; x_wconf 84' lang='lat' dir='ltr'>probe</span> <span class='ocrx_word' id='word_1_238' title='bbox 418 2281 503 2330; x_wconf 79' lang='lat' dir='ltr'>luctum</span> <span class='ocrx_word' id='word_1_239' title='bbox 513 2292 568 2331; x_wconf 79' lang='lat' dir='ltr'>esto.</span> <span class='ocrx_word' id='word_1_240' title='bbox 603 2286 628 2333; x_wconf 88' lang='lat' dir='ltr'>si</span> <span class='ocrx_word' id='word_1_241' title='bbox 637 2286 661 2332; x_wconf 80' lang='lat' dir='ltr'>iu</span> <span class='ocrx_word' id='word_1_242' title='bbox 670 2286 771 2336; x_wconf 74' lang='lat' dir='ltr'>morittn,</span> <span class='ocrx_word' id='word_1_243' title='bbox 785 2286 843 2346; x_wconf 84' lang='lat' dir='ltr'>quod</span> 
     </span>
     <span class='ocr_line' id='line_1_34' title="bbox 185 2345 843 2410; baseline 0.006 -18"><span class='ocrx_word' id='word_1_244' title='bbox 185 2345 233 2392; x_wconf 80' lang='lat' dir='ltr'>fieri</span> <span class='ocrx_word' id='word_1_245' title='bbox 247 2347 362 2408; x_wconf 83' lang='lat' dir='ltr'>oportebit,</span> <span class='ocrx_word' id='word_1_246' title='bbox 376 2346 493 2407; x_wconf 77' lang='lat' dir='ltr'>profanum</span> <span class='ocrx_word' id='word_1_247' title='bbox 507 2356 562 2403; x_wconf 88' lang='lat' dir='ltr'>esto,</span> <span class='ocrx_word' id='word_1_248' title='bbox 575 2364 646 2410; x_wconf 87' lang='lat' dir='ltr'>neque</span> <span class='ocrx_word' id='word_1_249' title='bbox 660 2349 732 2396; x_wconf 85' lang='lat' dir='ltr'>scelus</span> <span class='ocrx_word' id='word_1_250' title='bbox 746 2356 807 2396; x_wconf 85' lang='lat' dir='ltr'>esto:</span> <span class='ocrx_word' id='word_1_251' title='bbox 824 2350 843 2396; x_wconf 89' lang='lat' dir='ltr'>si</span> 
     </span>
     <span class='ocr_line' id='line_1_35' title="bbox 186 2411 842 2475; baseline 0.009 -21"><span class='ocrx_word' id='word_1_252' title='bbox 186 2411 236 2468; x_wconf 81' lang='lat' dir='ltr'>quis</span> <span class='ocrx_word' id='word_1_253' title='bbox 250 2418 337 2471; x_wconf 73' lang='lat' dir='ltr'>rumpet</span> <span class='ocrx_word' id='word_1_254' title='bbox 347 2411 459 2459; x_wconf 79' lang='lat' dir='ltr'>occidetve</span> <span class='ocrx_word' id='word_1_255' title='bbox 469 2413 569 2467; x_wconf 85' lang='lat' dir='ltr'>insciens,</span> <span class='ocrx_word' id='word_1_256' title='bbox 582 2428 611 2459; x_wconf 89' lang='lat' dir='ltr'>ne</span> <span class='ocrx_word' id='word_1_257' title='bbox 620 2412 680 2460; x_wconf 79' lang='lat' dir='ltr'>lrsus</span> <span class='ocrx_word' id='word_1_258' title='bbox 690 2420 753 2460; x_wconf 83' lang='lat' dir='ltr'>esto:</span> <span class='ocrx_word' id='word_1_259' title='bbox 767 2414 785 2459; x_wconf 87' lang='lat' dir='ltr'>si</span> <span class='ocrx_word' id='word_1_260' title='bbox 795 2414 842 2475; x_wconf 89' lang='lat' dir='ltr'>quis</span> 
     </span>
     <span class='ocr_line' id='line_1_36' title="bbox 185 2473 839 2538; baseline 0.011 -21"><span class='ocrx_word' id='word_1_261' title='bbox 185 2473 270 2532; x_wconf 76' lang='lat' dir='ltr'>clepsit,</span> <span class='ocrx_word' id='word_1_262' title='bbox 285 2488 315 2520; x_wconf 89' lang='lat' dir='ltr'>ne</span> <span class='ocrx_word' id='word_1_263' title='bbox 324 2475 405 2535; x_wconf 87' lang='lat' dir='ltr'>populo</span> <span class='ocrx_word' id='word_1_264' title='bbox 415 2476 487 2522; x_wconf 83' lang='lat' dir='ltr'>scelus</span> <span class='ocrx_word' id='word_1_265' title='bbox 497 2482 552 2530; x_wconf 76' lang='lat' dir='ltr'>esto,</span> <span class='ocrx_word' id='word_1_266' title='bbox 568 2490 624 2524; x_wconf 83' lang='lat' dir='ltr'>neve</span> <span class='ocrx_word' id='word_1_267' title='bbox 634 2478 669 2523; x_wconf 85' lang='lat' dir='ltr'>eui</span> <span class='ocrx_word' id='word_1_268' title='bbox 680 2477 776 2538; x_wconf 81' lang='lat' dir='ltr'>cleptum</span> <span class='ocrx_word' id='word_1_269' title='bbox 786 2478 839 2525; x_wconf 84' lang='lat' dir='ltr'>erit:</span> 
     </span>
     <span class='ocr_line' id='line_1_37' title="bbox 186 2536 840 2602; baseline 0.014 -23"><span class='ocrx_word' id='word_1_270' title='bbox 186 2536 266 2580; x_wconf 84' lang='lat' dir='ltr'>sistro</span> <span class='ocrx_word' id='word_1_271' title='bbox 278 2536 380 2584; x_wconf 76' lang='lat' dir='ltr'>(liefsxit</span> <span class='ocrx_word' id='word_1_272' title='bbox 391 2539 493 2592; x_wconf 85' lang='lat' dir='ltr'>insciens,</span> <span class='ocrx_word' id='word_1_273' title='bbox 505 2540 665 2602; x_wconf 78' lang='lat' dir='ltr'>probeluotum</span> <span class='ocrx_word' id='word_1_274' title='bbox 676 2550 738 2587; x_wconf 85' lang='lat' dir='ltr'>esto:</span> <span class='ocrx_word' id='word_1_275' title='bbox 752 2542 840 2588; x_wconf 66' lang='lat' dir='ltr'>sinode</span> 
     </span>
     <span class='ocr_line' id='line_1_38' title="bbox 185 2597 836 2666; baseline 0.005 -16"><span class='ocrx_word' id='word_1_276' title='bbox 185 2597 596 2658; x_wconf 67' lang='lat' dir='ltr'>dwheeumnssiveliuerfuit,</span> <span class='ocrx_word' id='word_1_277' title='bbox 608 2604 836 2666; x_wconf 80' lang='lat' dir='ltr'>probefuctumesto:</span> 
     </span>
     <span class='ocr_line' id='line_1_39' title="bbox 185 2658 837 2732; baseline 0.018 -27"><span class='ocrx_word' id='word_1_278' title='bbox 185 2658 205 2701; x_wconf 83' lang='lat' dir='ltr'>st</span> <span class='ocrx_word' id='word_1_279' title='bbox 215 2661 315 2709; x_wconf 76' lang='lat' dir='ltr'>ontetdes</span> <span class='ocrx_word' id='word_1_280' title='bbox 325 2672 414 2712; x_wconf 67' lang='lat' dir='ltr'>smnus</span> <span class='ocrx_word' id='word_1_281' title='bbox 423 2667 561 2731; x_wconf 68' lang='lat' dir='ltr'>populusque</span> <span class='ocrx_word' id='word_1_282' title='bbox 568 2668 660 2732; x_wconf 71' lang='lat' dir='ltr'>jussefit</span> <span class='ocrx_word' id='word_1_283' title='bbox 669 2668 724 2724; x_wconf 71' lang='lat' dir='ltr'>lteri,</span> <span class='ocrx_word' id='word_1_284' title='bbox 740 2682 766 2717; x_wconf 84' lang='lat' dir='ltr'>sc</span> <span class='ocrx_word' id='word_1_285' title='bbox 777 2669 837 2723; x_wconf 74' lang='lat' dir='ltr'>fult,</span> 
     </span>
    </p>
   </div>
   <div class='ocr_carea' id='block_1_4' title="bbox 0 0 916 2950">
    <p class='ocr_par' dir='ltr' id='par_1_4' title="bbox 0 0 916 2950">
     <span class='ocr_line' id='line_1_40' title="bbox 0 0 916 2950; baseline 0 0"><span class='ocrx_word' id='word_1_286' title='bbox 0 0 916 2950; x_wconf 95' lang='lat' dir='ltr'> </span> 
     </span>
    </p>
   </div>
  </div>
 </body>
</html>
