1809 2950
104 172 109 184 ,
158 143 206 188 tos
266 140 295 188 'R
310 139 397 190 LIVII
415 140 468 188 Lra.
483 140 584 190 XXIH.
605 140 665 192 Car.
679 147 720 189 41.

158 270 309 318 circumducto
317 285 395 326 cornu,
404 288 449 333 quo
457 272 572 334 pepulerat
579 272 670 325 Sardoa,
679 271 771 318 inclusit
778 271 831 318 Ro-

158 349 244 380 manus.
267 333 501 400 Caedesindemagis,
514 352 675 399 quampugna,
686 337 737 383 fuit.
758 336 830 383 Duo-
894 394 897 407 Ι

158 397 229 444 decim
246 401 314 447 millia
330 402 427 448 bostium
444 417 503 448 caesa
519 402 641 449 Sardorum
658 401 726 448 simul
742 400 830 447 Poerro-

157 478 267 524 rumque;
288 464 359 512 fenne
375 466 417 512 tria
432 467 501 512 millia
519 473 542 512 et
561 467 696 528 septingenti
716 467 785 528 capti
806 475 830 512 et

157 527 222 589 signa
232 529 334 578 militaria
345 539 429 592 septem
441 538 464 577 et
474 531 562 592 viginti.

189 591 258 639 XLI.
272 595 334 640 Ante
342 596 422 648 omnia,
432 596 513 642 claram
522 602 545 642 et
552 595 718 642 memorabilem
726 609 828 657 pugnam

156 655 209 703 fecit
217 657 344 706 Hasdrubal
352 661 472 722 imperator
488 668 572 721 captus,
582 666 605 706 et
613 659 700 706 Hanno
711 668 736 706 et
744 659 827 721 mago,

156 722 241 768 nobiles
260 722 471 786 Carthaginiensem
495 724 568 786 Mago
588 739 617 771 ex
633 732 703 786 gente
719 723 826 777 Barcini,

155 785 277 848 propinqui
286 789 419 849 cognatione
428 787 550 836 Hanmbali
556 790 663 851 junctus3
677 788 766 834 Hanno
774 804 828 834 auo-

155 859 191 896 tor
206 852 329 898 rebellionis
345 853 427 907 Sardis,
445 855 541 914 bellique
555 856 603 917 ejus
617 854 677 900 haud
691 853 760 899 dubie
772 868 828 898 coa-

155 914 218 962 citor.
240 914 291 961 Nec
303 917 424 964 Sardorum
435 919 503 966 duces
514 919 588 965 minus
598 918 694 964 nobilem
706 933 757 964 cam
768 933 827 979 pug-

155 993 206 1024 nam
217 979 314 1027 cladibus
323 983 368 1038 suis
376 981 492 1030 fecerunt:
509 999 561 1029 nam
570 991 593 1029 et
600 982 659 1029 iilius
667 981 829 1044 Hampsicora

155 1041 253 1090 Hiostus
264 1045 287 1091 in
298 1047 345 1093 acie
358 1048 450 1094 cecidit:
469 1056 493 1095 et
507 1046 665 1109 Hampsicora,
681 1063 735 1092 cnm
749 1048 828 1108 paucis

153 1107 264 1167 equitibus
273 1109 370 1173 fugiens,
383 1120 409 1158 nt
419 1128 486 1176 super
496 1112 589 1159 afflictas
599 1128 635 1158 res
645 1127 725 1158 necem
736 1127 828 1172 quoque

153 1171 192 1218 lilii
203 1173 293 1229 audivit,
311 1184 384 1230 nocte,
400 1191 429 1224 ne
440 1179 504 1240 cujus
514 1178 654 1224 interventus
665 1184 742 1237 crepta
755 1177 828 1238 impe·

154 1237 217 1291 diret,
238 1247 333 1296 mortem
351 1241 391 1288 sibi
407 1242 522 1288 conscivit.
551 1239 647 1290 Crateris
663 1241 716 1286 urbs
733 1238 827 1289 Comus

153 1302 237 1357 eadem,
258 1319 310 1364 quae
329 1313 388 1360 ante,
409 1305 473 1368 fugae
491 1306 654 1368 receptaculum
673 1305 732 1351 luit:
756 1321 825 1366 quam

153 1366 262 1422 Manlius,
285 1369 370 1418 victore
388 1373 488 1417 exercitu
509 1385 637 1433 aggressus
659 1371 719 1416 intra
739 1386 827 1431 paucos

153 1431 200 1479 dies
215 1433 304 1496 recepit.
331 1433 422 1483 Deinde
436 1436 486 1483 aliae
498 1451 587 1497 quoquc
601 1435 710 1488 civitates,
727 1450 782 1496 quae
796 1435 825 1482 ad

48 1512 51 1517 ·
153 1496 325 1559 Hampsicoram
338 1499 468 1562 Poenosque
482 1501 614 1554 deiecerant,
631 1500 744 1547 obsidibus
757 1501 823 1554 datis,
897 1493 898 1544 l

152 1561 282 1609 dediderunt
299 1580 360 1611 sese:
386 1567 465 1627 quibus
480 1565 590 1629 stipendio
604 1564 765 1625 frumentoque
781 1566 825 1611 iru-

150 1634 234 1687 perato,
253 1644 293 1689 pro
306 1631 413 1691 cujusque
425 1639 464 1677 aut
476 1632 560 1677 viribus
572 1637 611 1677 aut
623 1630 713 1682 delicto,
729 1628 824 1677 Carales

151 1692 275 1739 exercitum
286 1694 380 1741 reduxit.
401 1694 435 1741 Ibi
443 1696 536 1742 naribus
543 1694 618 1756 longis
629 1694 737 1747 deductis,
749 1694 824 1756 impo-

151 1757 244 1815 sitoque,
257 1773 324 1817 quem
335 1773 411 1806 aecum
422 1761 548 1814 advexerat,
561 1760 638 1811 milite,
650 1758 749 1805 Romam
758 1760 824 1804 mvl-

150 1826 196 1879 gst,
215 1821 381 1883 Sardiniamque
395 1825 541 1885 perdomitam
556 1824 645 1871 nuntiat
658 1823 778 1870 Patribus:
799 1830 822 1869 et

150 1884 283 1943 stipendium
300 1890 454 1947 quaestoribus,
472 1888 608 1935 frumentum
625 1888 733 1941 aedlllbua,
750 1888 822 1949 mpli-

149 1963 235 2007 vosque
247 1948 328 1996 Fulvio
339 1954 429 2013 praetori
440 1954 536 1999 tradidit.
562 1953 607 2000 Per
617 1953 676 1999 idem
687 1961 779 2013 ternpus
789 1952 819 1999 T.

148 2010 257 2059 Otacilius
276 2024 366 2075 praetor,
386 2017 548 2080 quinquaginta
566 2018 656 2064 navium
673 2018 700 2063 ab
717 2016 820 2077 Lilybaeo

149 2076 219 2123 classe
229 2079 252 2123 in
264 2078 364 2126 Africam
376 2088 523 2135 transvectus,
539 2083 730 2144 depopulatusque
740 2096 820 2143 agrum

151 2138 366 2204 Carthaginiensem,
385 2161 437 2192 cum
456 2147 579 2194 Sardiniam
595 2147 647 2192 inde
663 2154 756 2207 peteret,
775 2162 821 2206 quo

147 2205 207 2253 fama
217 2216 265 2254 erat
277 2206 439 2257 Hasdrubalem
450 2227 465 2258 a
474 2211 604 2258 Balearibus
616 2227 687 2272 nuper
698 2211 820 2271 trajecisse,

149 2270 213 2316 classi
224 2271 324 2320 Africam
336 2276 444 2336 repetenti
454 2276 558 2330 occurrit,
570 2276 659 2336 levique
665 2275 790 2321 certamine
797 2275 821 2319 in

149 2336 194 2381 alto
206 2337 332 2392 commisso,
350 2348 434 2402 septem
449 2341 501 2387 inde
515 2356 584 2388 naves
594 2355 645 2387 cum
657 2340 724 2385 sociis
734 2340 821 2385 navali-

147 2400 189 2445 bus
197 2402 266 2461 cepit:
283 2411 376 2451 ceteras
384 2412 458 2451 metus
466 2405 525 2451 haud
533 2421 604 2458 secus,
615 2420 680 2465 quam
689 2412 819 2465 temlffls

147 2463 228 2522 passim
245 2465 336 2527 disjecit.
365 2468 410 2515 Per
425 2469 514 2516 eosdem
530 2469 590 2516 forte
604 2470 651 2515 dier
662 2475 685 2515 et
695 2466 820 2521 Bomilcar,

148 2542 198 2570 cum
216 2526 321 2577 militibus
337 2533 365 2579 ad
383 2535 561 2596 supplementum
580 2532 717 2594 Cartbagine
735 2532 819 2584 111ἰὸἱῆ

147 2590 320 2654 elephantisque,
337 2605 361 2643 et
376 2607 509 2652 commeatu,
527 2598 615 2646 Locros
625 2598 731 2645 accessit:
751 2613 821 2657 quem

148 2654 171 2696 tit
191 2654 303 2705 incautum
321 2661 454 2723 opprimcret
473 2664 517 2725 Ap.
533 2662 648 2716 Claudius,
669 2678 708 2725 per
728 2662 822 2709 simula-
893 2650 898 2672 ¹
