1809 2950
201 157 614 210 nmvnsuxxiemn.
688 165 736 210 eas
774 203 777 222 ,

69 299 100 342 tae
109 290 207 337 deitatis
217 297 307 343 statam,
324 289 401 352 possit.
436 289 491 352 Ego
506 290 537 336 ita
547 303 634 343 censeo,
650 291 738 352 matos

69 356 184 418 extenplo
195 353 292 402 Romam
303 355 429 407 mittendos,
441 354 480 415 qui
492 353 578 400 senatui
589 351 737 410 satisfacient;

68 421 132 474 elios,
150 420 190 480 qui
207 418 328 466 Hannibali
343 420 453 472 nuntient,
472 425 497 464 ut
515 418 638 464 exercitum
654 419 681 464 ab
698 418 739 464 Sa-

69 491 144 547 gunto
166 483 266 536 moues,
292 484 408 545 ipsumque
430 482 581 529 Hannibalem
606 497 634 527 ex
655 480 740 528 ioedere

70 547 183 596 Romanis
194 546 288 594 dedant:
307 547 394 593 tertiam
404 547 539 609 legationem
550 547 579 592 ad
589 562 624 593 res
634 546 740 607 Sagunti·

71 614 109 659 nis
120 611 244 658 reddendas
254 611 376 658 decerno.”

103 675 151 724 XI·
172 675 232 724 Cum
244 675 331 723 Hanno
341 673 472 738 perordsset,
484 677 568 723 nemini
579 675 679 722 omnium
692 689 742 720 cer·

70 749 119 789 tere
128 741 231 786 cretione
242 755 294 786 cum
305 756 333 786 eo
344 755 435 786 necesse
443 740 499 786 fuit:
519 741 574 786 adeo
585 755 654 802 prope
669 738 741 784 omnis

69 812 163 852 amatus
174 803 309 870 Hannibalis
318 812 366 851 erat
374 822 382 862 ς
397 805 542 866 infestiusque
551 805 651 850 locutum
660 817 742 865 argue·

70 871 125 916 baut
137 868 285 922 Hannonem,
302 884 368 929 quam
379 869 486 915 Flaccum
497 869 620 922 Valerium,
638 869 738 930 legatum

70 931 211 982 Romnum
246 933 390 995 Responsum
408 934 461 980 inde
476 933 557 994 legatis
570 933 680 980 Romanis
697 939 740 985 est,

72 998 194 1046 “Bellum
211 1004 285 1044 ortum
301 999 329 1044 sb
345 998 483 1059 Saguntinis,
503 1012 549 1043 non
568 999 595 1042 ab
614 996 741 1044 Hannibale

72 1078 136 1110 esse:
157 1062 265 1124 populum
278 1062 408 1108 Romanum
423 1062 505 1124 injuste
519 1060 598 1114 facere,
617 1061 635 1106 si
652 1062 741 1122 Segun-

71 1128 133 1180 tinos
154 1126 313 1173 vemssssimae
329 1125 548 1188 Carthaginiensium
565 1125 665 1172 societati
683 1141 741 1187 prae·

71 1190 168 1254 ponst¹’
203 1190 268 1237 Dum
281 1191 379 1238 Romani
396 1197 484 1251 tempus
500 1196 576 1236 terunt
594 1190 741 1250 legationibus

71 1256 195 1308 mittendis,
218 1253 340 1308 Hannibal,
362 1255 414 1315 quia
433 1253 518 1301 lessam
539 1255 632 1300 militem
656 1254 742 1315 proeliis

71 1321 221 1382 operibusque
238 1321 337 1372 bsbebat,
359 1335 480 1381 paucorum
496 1320 524 1366 iis
540 1320 625 1366 dierum
644 1319 741 1378 quietem

72 1385 141 1437 dedit,
153 1384 285 1430 stationibus
295 1384 324 1430 ad
338 1384 461 1431 custodiam
475 1384 590 1430 vinearum
604 1383 742 1441 aliorumque

70 1463 167 1515 operum
184 1448 308 1511 dispon'tis:
332 1449 420 1496 interim
438 1449 525 1495 mimos
541 1462 618 1494 eorum
634 1459 695 1492 nunc
711 1441 745 1491 iri

71 1516 94 1561 ia
105 1516 185 1561 bostes
195 1513 336 1566 stimulando,
347 1529 408 1560 nunc
419 1528 459 1575 spe
473 1512 616 1574 premiorum
633 1509 740 1559 accendit·

73 1577 109 1626 Ut
128 1594 184 1627 vero
201 1594 243 1640 pro
262 1579 369 1625 concione
387 1578 487 1639 praedam
506 1584 577 1637 captae
596 1574 655 1621 urbis
673 1574 742 1623 edixit

72 1644 169 1690 militiam
182 1642 239 1696 fore,
256 1643 312 1689 adeo
321 1643 409 1689 accensi
420 1656 499 1688 omnes
510 1648 570 1693 sunt,
582 1646 614 1693 ut,
628 1640 646 1685 si
657 1644 744 1685 exton-

71 1708 108 1771 plo
127 1709 220 1771 signum
239 1708 314 1754 datum
331 1716 397 1761 osset,
418 1704 481 1752 nulla
498 1706 522 1752 vi
540 1704 612 1751 resisti
630 1703 743 1751 videretur

71 1788 146 1834 posse.
184 1772 309 1833 sauneri,
330 1779 355 1818 ut
370 1787 384 1817 a
402 1771 487 1833 proeliis
502 1771 598 1832 quietem
613 1770 741 1822 bsbuersnt,

72 1852 116 1884 aec
125 1838 262 1884 mentes
272 1851 314 1883 noc
324 1836 419 1883 boessiti
429 1851 470 1897 per
480 1836 564 1896 aliquot
575 1835 638 1892 dies;
654 1835 685 1883 its
696 1847 741 1879 non

73 1909 148 1955 noete,
170 1915 216 1947 non
235 1900 277 1953 die,
301 1916 399 1961 unquam
421 1908 562 1947 cessaverant
580 1900 607 1946 sb
626 1914 698 1960 opere,
718 1904 743 1945 ut

73 1981 160 2013 novum
173 1980 261 2011 murum
272 1967 300 2011 ab
310 1964 337 2012 el
346 1973 415 2027 parte,
430 1963 475 2026 quia
488 1964 621 2027 patefactum
637 1963 743 2026 oppidum

73 2031 145 2077 ruinis
167 2037 222 2083 erat,
245 2029 367 2077 reticerem.
411 2028 469 2075 lndc
487 2030 623 2092 oppugnatio
641 2044 680 2075 eos
703 2026 743 2075 ali·

72 2103 161 2156 quanto
180 2094 282 2148 atrocior,
305 2110 372 2156 quam
391 2102 449 2147 ante,
468 2094 544 2141 adorta
560 2101 607 2141 est:
630 2109 679 2147 nec,
699 2088 745 2151 qui

71 2161 172 2221 primum
191 2167 231 2205 aut
251 2160 391 2221 potissimum
404 2167 468 2221 parte
485 2158 570 2206 ferrent
586 2172 659 2219 opem,
680 2156 743 2218 (cum

73 2224 151 2271 omnia
161 2224 228 2269 variis
240 2224 373 2271 clamoribus
389 2222 522 2287 streperent)
540 2223 593 2269 satis
609 2220 666 2267 scire
681 2224 745 2279 pote·

73 2296 134 2335 rant.
169 2286 223 2350 lpse
234 2287 355 2343 Hannibal,
373 2286 417 2349 qui
426 2288 493 2334 turris
504 2286 597 2338 mobilis,
610 2283 684 2329 omnia
694 2296 745 2329 mu-

73 2353 175 2401 nimenta
185 2353 246 2400 urbis
257 2368 363 2415 superans
373 2353 496 2404 altitudine,
513 2352 626 2410 agebatur,
645 2347 745 2393 hortator

72 2418 165 2465 aderat:
184 2433 237 2478 quae
247 2433 298 2464 cum
308 2418 405 2471 admota,
422 2414 539 2477 catapultis
555 2411 690 2470 ballistisque
704 2424 745 2472 per

72 2482 380 2544 omniatabulatadispositis,
387 2496 464 2529 muros
470 2477 620 2525 defensoribus
627 2472 745 2533 nudissetp

74 2555 124 2593 tum
137 2546 261 2601 Hannibal,
281 2548 420 2593 occasionem
438 2552 505 2596 ratus,
523 2542 659 2603 quingentos
674 2537 745 2585 ferme

74 2610 147 2658 Afros
157 2626 211 2657 cum
227 2612 322 2658 dolabris
336 2611 364 2658 ad
381 2608 530 2657 subruendum
547 2607 574 2653 ab
590 2606 644 2651 imo·
654 2618 743 2650 murum

75 2676 158 2723 mittit:
180 2690 223 2723 aec
238 2683 287 2723 erat
301 2674 389 2722 difficile
407 2688 471 2735 optas,
492 2671 551 2733 quod
569 2677 678 2717 cementa
697 2681 744 2717 nou
