1809 2950
166 149 200 192 td
294 143 323 192 Τ.
338 142 424 193 L-1v11
441 142 494 193 Lo.
508 142 566 196 VII·
585 141 698 193 ciana

162 273 630 394 xliiiixlolleoeleaenliilkdlffl
638 280 832 398 ffllffl

166 403 292 464 adspernari
302 417 385 464 parem,
396 404 434 462 qui
445 417 469 448 se
479 401 583 458 offerret3
596 401 661 448 iactis
668 402 779 463 benignus
788 417 831 463 pro

166 473 203 519 ref
211 467 275 514 dietis
285 467 343 513 haud
352 467 426 512 minus
435 467 542 513 libertatis
551 467 637 519 alienae,
648 481 714 526 quam
723 481 772 512 suae
779 466 831 527 dig·

166 531 248 584 nitatis,
265 546 364 587 memor;
384 537 413 583 et,
429 545 474 591 quo
489 531 544 576 nihil
556 530 682 591 popularius
691 537 734 582 est,
749 529 831 589 quibua

164 595 248 642 artibus
258 596 350 656 petierat
362 595 511 656 magistratus,
527 595 604 640 iisdem
617 595 715 656 gerebat.
750 592 831 654 Itaque

165 659 283 714 universus
289 659 405 712 exercitus,
412 659 533 706 incredibili
538 659 649 706 meritare
654 658 829 704 adhortationes

164 730 295 784 prosecutus
314 723 383 776 ducis,
406 724 484 770 nastris
504 723 623 784 egreditur.
663 722 780 776 Proelium,
803 730 829 769 ut

164 788 225 847 quod
235 787 331 832 maxime
341 801 444 847 unquam,
456 788 503 848 pari
514 803 560 848 spe,
575 789 685 846 utrimque
696 787 766 847 aequis
775 787 830 832 viri·

161 851 214 904 bus,
231 866 282 896 cum
299 848 378 898 fiduciis
393 853 434 904 sui,
452 852 500 897 sine
515 858 629 901 contemtu
643 851 749 904 hostium,
765 866 829 900 eom-.

165 915 259 962 missum
269 923 310 962 eat.
338 915 473 962 Samnitibus
481 915 588 962 ferociam
598 917 708 977 augebant
718 930 785 961 novae
793 931 830 962 res

124 990 128 996 '
165 986 238 1040 gestae
248 986 271 1025 et
278 995 359 1040 paucos
367 987 419 1026 aute
427 979 473 1026 dies
480 981 594 1041 geminata
600 980 704 1036 victorin
717 979 829 1026 Romanis

164 1050 243 1094 contra
252 1043 463 1105 quadringentorum
473 1059 582 1090 annorum
591 1044 678 1097 decom,
693 1051 717 1089 et
730 1043 829 1090 conditae

165 1105 223 1154 Urbi
239 1108 328 1168 aequalis
341 1109 446 1154 victoria:
468 1109 568 1169 utrisque
581 1115 657 1155 tamen
671 1122 743 1154 novus
757 1108 829 1163 hostis

160 1186 240 1218 curam
257 1172 354 1222 addebat.
389 1171 472 1235 Pugna
486 1173 568 1220 indicio
580 1172 630 1226 fait,
646 1187 702 1234 quoa
717 1173 829 1233 gesserint

163 1236 262 1285 animos:
285 1251 380 1297 namque
394 1237 425 1283 ita
440 1235 595 1291 oonfflxenrnt,
615 1244 641 1283 ut
656 1236 788 1297 aliquamdiu
804 1237 828 1288 in

160 1309 265 1348 neutram
276 1307 361 1362 partem
371 1301 502 1348 inclinarent
512 1302 577 1348 acies.
611 1300 673 1347 'lium
683 1301 769 1363 consul,
782 1307 829 1348 trs-

162 1365 297 1426 pidationetn
307 1364 446 1427 injiciendam
458 1362 525 1420 ratas,
537 1366 625 1426 quando
634 1366 658 1411 vi
668 1365 720 1427 pelli
730 1364 776 1411 non
785 1381 829 1428 po-

160 1435 241 1484 taran
254 1430 362 1492 equitibus
368 1429 477 1477 ‘immissis
486 1431 574 1478 turbare
580 1431 652 1493 prima
658 1431 723 1493 signa
729 1430 827 1478 hostiam

162 1504 267 1543 conatur:
286 1511 341 1557 quos
352 1496 389 1543 ubi
399 1495 545 1557 nequidquam
555 1496 716 1542 tumultuantes
725 1495 749 1541 in
756 1496 828 1557 spatio

160 1561 246 1621 attiguo
264 1562 354 1607 volvere
373 1568 458 1607 turmas
475 1559 539 1613 vidit,
558 1574 600 1622 neo
617 1574 684 1621 posse
700 1560 786 1621 aperire
802 1560 827 1610 in

160 1622 238 1673 hoster
249 1624 315 1677 viam,
327 1632 429 1671 revectus
439 1624 468 1671 ad
477 1624 635 1685 antesignanos
642 1623 764 1685 legionum,
775 1639 827 1672 oum

160 1685 287 1735 desiluisset
301 1702 331 1733 ex
345 1702 410 1747 equo,
427 1695 443 1717 “
452 1687 589 1743 Nostrum,”
603 1689 682 1749 inquit,
700 1696 717 1718 “
727 1689 827 1750 peditum

162 1748 224 1803 illud.
241 1750 328 1803 milites,
346 1758 380 1796 est
396 1766 466 1812 opust
489 1752 609 1813 agitedum,
626 1760 652 1799 ut
667 1768 705 1804 me
718 1753 825 1809 videtitis,

164 1810 303 1873 quacumque
318 1814 429 1862 incessero
444 1815 468 1860 in
483 1816 552 1863 aciem
567 1818 672 1872 hostium,
691 1817 751 1865 latro
766 1819 826 1866 viam

158 1874 287 1931 facientem,
306 1877 337 1923 sie
352 1893 392 1939 pro
408 1894 433 1926 se
448 1880 542 1941 quisque
557 1882 634 1929 obvios
649 1882 749 1942 sternite.
784 1882 829 1942 ΠΗ

163 1941 245 1993 omnia,
255 1937 365 2002 qutnune
373 1951 454 1991 erectae
461 1944 628 2000 micanthastae,
636 1946 827 2010 paedaetasnoge

163 2002 355 2053 vantem&
379 2006 439 2055 Haec
447 2008 506 2055 dieta
512 2009 609 2063 dederat,
618 2012 825 2071 oumequitescon-

163 2068 217 2115 sulis
223 2070 290 2132 jussu
296 2070 421 2119 discurrunt
427 2073 450 2119 in
459 2088 556 2131 oomua;
569 2074 692 2136 legionibus
698 2076 723 2121 in
730 2075 825 2123 madiam

162 2133 232 2182 adara
243 2135 343 2197 aperiunt
353 2136 419 2183 viam.
446 2138 536 2185 Primus
546 2139 645 2185 omnium
656 2140 735 2185 consul
741 2140 826 2186 invadit

162 2198 265 2256 hostem
282 2206 311 2253 et,
327 2216 377 2247 curn
388 2217 433 2261 quo
443 2202 502 2249 forta
511 2203 606 2249 eontulit
671 2219 716 2257 um,
732 2205 824 2250 obtmn·

162 2270 207 2309 cat.
242 2262 295 2310 Hoc
310 2266 434 2325 spectaculo
450 2267 537 2323 accensi
554 2267 632 2313 dextra
645 2266 753 2328 laevaque,
772 2276 824 2315 ante

162 2340 187 2373 ae
196 2327 296 2389 quisque,
312 2330 479 2377 memorandum
493 2332 596 2391 proelinm
606 2332 673 2377 cient.
708 2333 775 2379 Stant
785 2334 824 2379 oba

157 2391 204 2445 nisi
216 2392 332 2445 Stmnites,
345 2409 478 2454 quamquam
488 2395 551 2455 plura
560 2395 676 2455 sooipiunt,
690 2411 757 2456 quam
767 2396 824 2444 inis-

161 2454 221 2509 runt‚'
230 2458 328 2503 vulnera
353 2458 496 2519 Aliquamdiu
498 2459 546 2519 jam
555 2466 678 2519 pugnatum
686 2467 745 2507 erat:
758 2470 824 2509 atrox

161 2519 233 2565 caedss
243 2520 301 2568 uiroa
312 2521 375 2582 signa
386 2522 526 2575 Samnitium,
535 2520 693 2583 fugsabnunt
700 2524 753 2571 dum
762 2534 825 2587 parte

160 2589 221 2629 erat:
246 2584 301 2631 adeo
319 2593 392 2633 morte
410 2582 459 2631 solt
476 2584 535 2631 vinci
553 2586 716 2634 &timuerant
733 2590 821 2637 animia

154 2642 240 2706 ltaque
250 2646 354 2705 Romani,
368 2664 423 2711 ¹cum
437 2656 462 2707 et
476 2647 546 2697 fluere
555 2650 604 2711 jam
619 2650 749 2712 lassitudine
764 2655 823 2713 vim
