1809 2950
165 171 215 218 ato
273 167 302 215 Τ.
317 167 405 224 LIVII
421 167 476 236 Lm.
490 165 590 215 xxm.
611 167 673 218 Car·
686 174 727 216 48·

165 299 319 362 indignatione
330 298 412 347 referre
421 312 549 362 poqmnua,
565 313 632 360 qum
644 315 697 360 quae
706 299 776 346 aeae
784 314 838 347 ere·

166 366 239 410 ninnt.
261 365 343 427 Magn
354 365 474 411 dictatores
483 379 535 411 eum
545 365 661 425 magistria
670 365 780 425 eqraiann,
791 366 839 410 iani
892 390 893 395 =

166 430 270 476 eonorlea
280 445 332 475 oum
342 431 400 476 binio
410 430 562 476 consularibus
572 430 714 481 exercitibus,
726 430 839 491 ingredie-

166 494 308 541 banturiinea
315 503 417 552 nostroo;
426 502 480 541 ante
485 495 606 556 explorato,
613 495 838 556 etmboidiiapoaitia,

165 567 190 606 et
205 561 245 606 rub
260 561 331 621 signis
342 561 369 606 ad
380 560 530 622 populandum
541 560 663 606 ducebant:
683 575 746 606 nune
755 561 838 622 proprii

166 625 234 670 unius
244 631 267 670 et
277 625 339 686 parvi
350 625 377 672 ad
389 625 493 671 tuendam
504 624 588 671 Nolam
598 625 695 685 praesidii
710 625 789 686 praeda
801 640 839 670 au-

168 704 225 736 muo·
247 689 263 737 J
265 705 300 736 am
312 705 341 735 ne
351 690 503 750 manipulatim
511 690 607 750 quidem,
620 690 659 735 aed
666 691 782 736 latronum
790 705 838 735 mo·

167 755 204 808 do,
216 761 345 815 percursant
354 755 407 799 totis
416 754 497 800 finibus
507 755 589 800 nostris
600 755 760 816 negligendus,
773 770 839 815 quam

167 820 217 865 aiin
227 819 331 864 Romano
339 825 476 878 vagarentur
483 835 546 880 agro.
566 818 641 866 Causa
649 827 725 865 autem
735 820 787 865 baee
796 825 838 873 eat,

167 883 226 944 quod
237 898 308 942 neque
319 891 344 928 tu
359 882 466 936 defendis,
484 891 508 929 et
522 891 599 929 nostra
608 885 726 946 juventus,
743 900 803 944 quae,
818 875 855 930 a*
892 902 893 923 ³

167 948 227 994 domi
241 955 307 1000 earet,
325 954 443 1000 tutaretur,
462 949 535 994 omnia
551 948 592 994 sub
607 949 678 1010 signia
690 950 835 995 militaturis.
892 964 893 969 ¹

167 1012 218 1059 Nee
233 1019 263 1065 te,
281 1027 323 1058 neo
339 1013 462 1059 exercitum
476 1020 541 1059 tunm
556 1011 636 1067 norim,
654 1014 705 1068 nisi,
723 1029 796 1074 aquo
805 1019 839 1060 tot

167 1077 284 1124 Romam
298 1077 356 1124 acies
369 1077 430 1124 susaa
446 1085 570 1138 strataaque
584 1093 634 1124 esse
649 1080 726 1132 adam,
743 1080 766 1124 ei
776 1079 841 1125 facile

166 1157 217 1189 ease
228 1143 307 1189 ducam
319 1144 442 1205 opprimere
451 1144 593 1205 populatores
601 1151 690 1190 nostros
699 1159 780 1205 vagos,
794 1145 842 1190 tine

168 1209 246 1270 signia,
263 1209 355 1269 palatos,
373 1223 418 1268 quo
434 1223 546 1268 quemque
562 1209 635 1261 trabit,
654 1210 758 1269 quamvis
774 1224 838 1263 vana,

151 1292 161 1334 g
167 1273 250 1335 praedm
262 1288 318 1334 epea«
338 1271 487 1318 Numidarum
495 1289 617 1334 paucorum
625 1274 657 1319 illl
665 1274 757 1334 quidem
764 1275 840 1336 preda

168 1345 240 1391 erunt,
255 1338 426 1399 praeeidiumque
437 1338 530 1384 mismm
545 1339 609 1385 nobis
624 1336 659 1400 [et
669 1337 740 1384 Note
750 1340 841 1386 oderne-

167 1401 218 1467 n'o],
231 1403 250 1448 ai
261 1403 335 1456 modo,
348 1417 410 1462 quos,
425 1409 451 1448 ut
462 1404 535 1449 aoeioa
544 1403 643 1456 baberes,
655 1403 738 1465 dignos
748 1403 841 1459 drrxisti,

167 1468 227 1515 haud
243 1468 347 1531 indignor
361 1467 456 1531 judicas,
477 1484 533 1530 quoa
548 1469 573 1514 in
588 1468 656 1516 fidem
672 1477 777 1531 receptos
793 1478 841 1517 tne-

169 1532 240 1579 ana.”

202 1595 300 1644 XLIII.
320 1598 358 1644 Ad
372 1614 398 1645 ea
413 1598 528 1645 Hanndral
538 1600 665 1661 respondit:
685 1598 798 1646 “Omnia
810 1600 840 1646 ai-

168 1663 217 1709 mul
226 1662 299 1709 facere
311 1662 421 1725 Hirpinos
433 1664 602 1725 Sarnnlteaque3
619 1671 643 1711 et
656 1664 756 1711 indicare
768 1665 841 1712 clades

170 1742 228 1780 suas,
241 1735 265 1773 et
275 1735 350 1789 petere
361 1728 495 1789 praeaidium,
508 1736 531 1775 et
539 1731 602 1790 queri
610 1728 739 1776 indefensos
750 1745 776 1777 se
786 1745 842 1791 neg-

167 1793 289 1853 lectosque.
325 1792 472 1839 Indieaudum
487 1800 562 1840 autem
579 1794 647 1841 fuisse
662 1794 769 1856 primum,
790 1796 841 1840 dein

167 1857 287 1917 petendum
296 1858 434 1918 praesidium:
452 1866 573 1920 postremo,
585 1861 608 1905 ni
617 1860 781 1921 impetraretur,
793 1866 841 1905 ttrm

140 1942 144 1959 x
168 1921 263 1980 denique
273 1922 417 1981 querendum,
429 1922 512 1970 frustra
523 1940 588 1985 opero
599 1924 747 1985 imploratam.
768 1924 842 1971 Exer-

167 1986 237 2031 eitum
249 2000 297 2031 sese
309 2001 354 2031 non
366 1988 389 2032 in
400 2003 480 2049 agrum
494 1988 617 2050 Hirpinum
632 1989 795 2043 Samnitemve
812 2004 841 2035 ue
892 1987 893 2018 ³

168 2050 250 2111 etipse
260 2050 322 2096 oneri
333 2058 399 2104 emet,
416 2052 456 2098 sed
470 2053 493 2098 in
503 2055 606 2115 proxima
615 2055 665 2100 loca
676 2054 789 2101 sociorum
799 2067 839 2116 po·
892 2087 893 2092 ,

168 2115 215 2177 puli
229 2114 328 2162 Romani
344 2116 505 2165 adducturum:
524 2120 552 2165 iis
566 2118 698 2180 populandis
713 2126 737 2165 et
747 2119 840 2165 militem

169 2196 234 2227 suum
246 2182 381 2243 repleturum
393 2196 424 2234 ee,
441 2190 464 2228 et
479 2190 541 2229 metu
555 2184 633 2245 procul
648 2184 676 2230 ab
685 2184 714 2230 ilo
725 2184 840 2230 aubmotu·

146 2256 150 2267 ’
169 2262 219 2291 rum
230 2246 314 2293 hostes.
342 2246 414 2305 Quod·
421 2247 449 2293 ad
459 2248 542 2294 bellum
553 2248 683 2295 Romanum
694 2249 807 2303 attineret,
823 2250 842 2297 ai

169 2310 296 2357 Trasimeni
311 2326 376 2373 quam
392 2310 488 2366 Trebiae,
506 2314 525 2359 ai
541 2311 670 2362 Cmnarum
685 2328 753 2374 quam
764 2313 842 2361 Trasi-

169 2376 236 2428 meni,
257 2391 333 2437 pugna
352 2376 446 2424 nobilior
461 2384 537 2435 esset3
562 2377 691 2426 Cannarum
709 2394 842 2441 aequoque

123 2442 125 2453 '
168 2440 298 2486 memoriam
311 2442 426 2488 obscuram
437 2444 523 2505 majore
533 2451 556 2489 et
564 2445 657 2490 clariore
664 2442 759 2489 victorii
769 2443 843 2491 faetu-
892 2475 893 2490 i

167 2502 245 2547 rum.”
263 2500 323 2551 Cum
335 2506 378 2551 hoo
390 2522 497 2568 responso
507 2509 681 2569 muneribusque
691 2508 843 2572 amplialega-
892 2495 893 2550 i

167 2570 203 2609 tos
214 2566 311 2613 dimisit:
331 2568 384 2629 ipse,
400 2572 504 2631 praesidio
519 2574 607 2619 modico
623 2574 701 2619 relicto
715 2573 739 2618 in
750 2571 840 2628 Tifatis,

164 2627 279 2684 profectus
290 2638 373 2679 caetero
384 2636 484 2681 exercitu
495 2637 528 2683 ire
542 2636 627 2684 Nolam
640 2638 723 2700 pergit
751 2636 841 2687 Eodem
890 2639 894 2665 ¹

165 2687 252 2739 Hanno
264 2708 293 2740 ex
304 2694 409 2755 Bruttiis,
421 2714 474 2747 oum
486 2702 641 2764 supplemento
652 2701 841 2769 Cartbaginead-
