1809 2950
187 163 217 212 T.
231 161 316 212 mvn
326 159 384 212 'Lm
398 161 486 212 xxii
501 161 564 213 Car.
579 167 616 212 ls.
683 165 731 210 809

65 293 158 344 modion
172 294 201 342 ab
214 295 279 342 hoste
291 294 414 348 intervallo,
431 301 458 342 ut
468 308 540 356 neque
549 292 661 338 omitteret
671 305 730 343 eum,

66 373 143 421 neque
161 359 339 420 congrederetur.
375 358 469 412 Castris,
492 359 535 405 nisi
553 363 659 418 quantum
677 369 731 400 usus

66 424 196 471 mario
204 431 301 484 cogeret,
313 424 427 470 tenebatur
434 423 511 470 miles:
524 421 628 484 pabulum
640 425 663 465 et
672 419 734 479 ligna

67 501 111 534 nec
129 488 194 549 psnci
207 489 317 548 petebant,
334 501 374 535 nec
389 489 478 549 passim.
513 487 621 546 Equitum
635 483 734 542 levisque

67 559 190 598 armaturas
208 552 281 604 sistis,
301 559 422 613 componta
440 553 590 611 instructaque
608 549 631 593 in
650 546 734 592 subitos

68 617 189 668 sumturus.
207 623 231 662 et
244 629 285 664 suo
301 616 364 664 militi
377 623 425 663 tnta
439 618 520 669 omnia,
537 609 735 662 etinfestaeffirsis

69 679 169 726 hostiurn
180 681 345 741 populatoribus
351 681 474 741 praebebat:
488 695 560 740 neque
567 673 736 735 unmesoperi-

70 745 123 790 culo
145 757 233 792 summa
253 759 326 790 rerum
345 745 533 792 committebatur:
553 750 576 789 et
597 754 665 802 parva
686 753 736 784 mo·

70 815 148 854 menia
158 809 241 855 lesium
249 809 392 855 certaminum
400 823 430 854 ex
439 817 489 855 tuto
499 814 630 869 coeptornm,
641 802 736 849 finitimo

71 879 171 934 millu,
189 872 361 920 muelwiebant
370 874 471 919 territum
481 872 578 933 pristinis
588 869 684 916 cladibus
694 866 737 911 mi-

69 936 143 990 litem,
161 937 235 982 minus
249 939 297 998 Jam
315 937 403 982 undem
422 944 462 982 aut
480 937 567 981 virtutis
585 940 623 980 aut
640 932 737 978 fortune

71 1001 183 1061 penitere
191 1015 245 1046 mse.
280 1000 325 1046 Sed
333 1014 378 1045 non
390 999 539 1045 Hannibalem
550 997 621 1058 magis
631 995 736 1042 infestum

72 1071 121 1110 tam
129 1064 189 1110 sartis
197 1063 294 1110 consiliis
301 1064 400 1115 habebat,
409 1077 475 1122 quam
483 1063 615 1122 magistrum
622 1060 736 1119 equitnm3

72 1128 112 1189 qui
123 1128 180 1173 nihil
190 1128 256 1180 alind,
273 1141 339 1188 quam
349 1126 409 1187 quod
419 1127 489 1187 impar
500 1131 548 1171 erat
557 1124 656 1184 imperio,
668 1137 740 1168 morae

72 1193 102 1240 ad
120 1192 276 1253 rempublicam
292 1191 471 1252 praecipitandam
486 1189 585 1241 habebat,
601 1186 665 1232 feror
681 1185 739 1247 rapi·

72 1256 161 1318 dusque
171 1257 194 1301 in
206 1255 310 1309 consiliis,
321 1269 347 1302 ac
358 1251 435 1318 lingui
442 1253 589 1308 immodicns;
600 1251 671 1311 primo
681 1250 739 1295 inter

72 1321 166 1384 pancos,
178 1320 228 1367 dein
238 1320 350 1383 propalam
360 1320 384 1365 in
394 1319 483 1380 vulgus,
500 1333 540 1379 pro
550 1322 678 1362 cunctatore
688 1328 740 1374 sog-

72 1400 135 1437 nem‚
152 1400 193 1446 pro
209 1392 273 1430 cauto
288 1384 396 1436 timidum,
414 1383 523 1444 affingens
537 1381 610 1426 vicina
624 1377 741 1423 mantibus

72 1450 138 1505 rius,
150 1449 306 1511 compellabat:
325 1447 539 1510 premendorumque
549 1442 686 1505 superiorum
694 1446 742 1487 arte

73 1515 140 1578 (quae
153 1514 250 1575 pessima
263 1528 299 1563 ars
313 1514 379 1559 nimis
393 1512 504 1574 prosperis
518 1510 639 1556 multorum
654 1519 742 1552 sucoes·

74 1580 138 1627 sibus
149 1576 230 1639 cres-it)
243 1593 291 1626 sese
302 1578 427 1625 extollebat.

111 1641 186 1690 XIII·
206 1642 318 1690 Hannibal
332 1658 361 1690 ex
372 1639 475 1705 Hirpinis
485 1641 509 1685 in
521 1636 636 1687 Samnium
647 1634 739 1681 mansit:

74 1707 265 1756 Beneventanum
276 1706 420 1770 depopulatur
430 1720 524 1768 agrum:
541 1702 653 1749 Telesiam
665 1698 742 1745 urbem

73 1772 151 1833 eupit:
170 1772 241 1818 irritat
254 1773 320 1819 etiam
334 1772 362 1817 de
377 1768 485 1817 industrii
498 1770 584 1820 ducem,
603 1765 692 1812 siiorte
706 1776 743 1809 ac·

75 1850 173 1883 emman
189 1843 224 1882 tot
239 1836 404 1898 indignitanbrs
421 1834 561 1894 cladibusque
580 1831 689 1876 socionnn
706 1827 745 1873 de-

76 1901 168 1949 umere
184 1901 211 1947 ad
226 1914 315 1961 aequum
330 1906 441 1947 certamen
454 1899 532 1960 possit.
567 1895 630 1943 Inter
644 1893 745 1940 multitu-

78 1966 157 2011 dinem
170 1965 282 2017 sociorum
297 1963 369 2011 Italici
383 1964 479 2025 generis,
496 1962 534 2023 qui
548 1961 576 2007 ad
589 1959 745 2006 Trasimenum

79 2030 139 2090 capti
153 2030 181 2075 ab
189 2027 315 2075 Hannmale
327 2028 454 2087 dimissique
465 2025 561 2079 imm
579 2033 624 2071 tres
637 2020 746 2083 Campani

79 2093 169 2154 equites
186 2100 254 2146 mant,
272 2092 347 2139 multis
360 2093 407 2155 J'sm
423 2098 473 2137 tum
488 2091 555 2137 illecti
572 2089 636 2135 donis
651 2085 746 2148 promis·

81 2292 126 2337 set,
145 2282 234 2346 Capitoe'
248 2284 361 2346 potiunda
380 2282 465 2343 copiam
479 2280 535 2332 iore,
553 2292 604 2324 cnm
623 2290 659 2321 res
676 2276 748 2336 maj0r
782 2293 789 2305 ·

82 2362 151 2413 quam
158 2357 261 2395 tinctores
272 2356 337 2402 esset,
349 2347 439 2394 dubium
448 2343 607 2394 Haumbalem,
617 2338 749 2398 alternisque

82 2414 192 2460 fidentem
210 2427 237 2459 ac
254 2412 396 2465 diffidentem,
421 2417 504 2460 mmm,
528 2413 554 2452 ut
573 2403 699 2463 Campanos
720 2400 765 2446 ex'

84 2476 179 2525 &sunio
189 2483 281 2537 peteret,
298 2482 429 2523 movenmt:
443 2470 552 2523 monitos,
570 2476 596 2514 ut
605 2467 673 2514 etiam
683 2470 750 2524 atque

83 2541 152 2587 etiarn
174 2540 282 2601 promissa
302 2541 366 2586 rebus
388 2538 529 2586 affirmarent,
539 2533 542 2539 “
549 2534 675 2595 jusscsque,
698 2542 750 2574 cunr

83 2604 185 2681 pluribus
199 2611 222 2650 et
236 2604 342 2665 aliquibus
352 2602 476 2663 principum
487 2598 558 2645 redire
569 2597 597 2643 ad
608 2610 638 2648 se,
653 2592 747 2639 dimisit:

81 2682 135 2731 ipss
148 2668 314 2731 imposstdnci,
331 2674 357 2715 ut
371 2656 749 2727 sousgnmcmostemtucst:
