1809 2950
280 515 321 582 Τ.
343 514 460 581 LIVII
487 505 712 578 PATAVINI

260 700 365 751 LIBER
380 697 569 747 VICESIMUS
585 694 727 745 PRIMUS.

197 976 218 1025 l.
236 976 268 1024 Iu
278 984 339 1040 parte
350 977 422 1040 operis
431 992 475 1022 mu
488 975 541 1022 licet
554 974 608 1019 milri
622 971 716 1035 praefari,
732 972 792 1034 quod
801 973 826 1018 in

164 1044 271 1107 principio
285 1057 378 1088 summae
392 1043 461 1088 totius
475 1038 567 1102 professi
581 1039 678 1100 plerique
689 1045 740 1083 sunt
751 1051 825 1084 rorum

121 1160 125 1165 ,
166 1109 290 1170 scriptores,
304 1107 386 1153 bellum
396 1106 492 1152 maxime
503 1104 601 1149 omnium
612 1101 761 1155 memorabile,
776 1116 827 1161 quae

167 1188 263 1233 unquam
273 1178 338 1234 gesta
348 1173 398 1224 sint,
410 1186 446 1216 me
457 1169 604 1228 scripturum
621 1166 685 1227 quod,
699 1163 828 1211 Harrnrosle

166 1237 230 1290 duce,
246 1235 440 1297 Carthaginienses
453 1249 505 1278 cum
519 1232 600 1293 populo
611 1230 716 1276 Romano
726 1225 825 1291 gessdre.

167 1301 228 1349 Nam
243 1310 315 1361 neque
328 1300 442 1345 validiores
457 1297 533 1358 opinus
548 1296 599 1342 ullae
613 1295 671 1342 inter
687 1309 711 1340 se
727 1294 828 1341 civitates
891 1299 892 1322 i

167 1374 289 1429 gentesque
303 1364 443 1410 contulerunt
457 1376 524 1413 arma,
540 1373 612 1420 neque
626 1359 660 1406 his
674 1358 727 1420 ipsis
740 1365 827 1404 tantm
891 1385 892 1392 κ

168 1446 265 1494 unquam
274 1430 353 1476 virium
364 1435 402 1475 aut
412 1426 496 1472 roboris
505 1424 558 1471 fuit:
577 1431 600 1470 et
610 1424 669 1469 haud
678 1423 767 1487 ignotas
777 1423 829 1469 balli
891 1421 892 1426 ’

167 1505 225 1544 artes
236 1497 293 1542 inter
303 1510 334 1548 se,
346 1494 385 1540 sed
395 1499 496 1553 expertas
506 1484 577 1552 prim'o
588 1488 674 1536 Punico
685 1489 829 1535 conserebant

167 1561 236 1609 bello:
254 1554 559 1607 etadeovariabellilortuna
568 1568 692 1615 ancepsque
702 1552 769 1599 Mars
778 1552 828 1606 luit,

168 1633 194 1671 ut
211 1624 300 1687 propius
318 1622 438 1685 periculum
456 1620 544 1673 fuerint,
564 1619 602 1679 qui
621 1618 729 1664 vicerunt.
766 1617 830 1665 Odiis

167 1689 233 1737 etiam
245 1704 312 1750 prope
322 1688 440 1749 majoribus
450 1682 567 1736 certdrunt,
583 1698 649 1743 quam
664 1682 761 1728 uiribus:
780 1681 831 1729 Ro-

168 1754 239 1799 manis
249 1752 419 1813 indignantibus,
431 1750 490 1812 quod
500 1748 618 1795 victoribus
629 1747 682 1793 victi
692 1746 751 1793 ultro
762 1745 831 1793 inler-

169 1824 218 1864 rent
228 1830 302 1872 arma;
319 1814 404 1867 Poenis,
419 1814 479 1874 quod
494 1813 584 1873 superbe
596 1826 704 1871 avareque
714 1811 831 1858 crederent

169 1880 315 1940 imperitatum
331 1879 397 1924 victis
413 1893 469 1923 esse.
504 1876 574 1923 Fama
591 1877 656 1922 etiam
676 1882 717 1928 eat,
738 1874 830 1922 Hanni-

169 1944 246 1995 balem,
259 1956 366 1989 annorum
378 1942 449 1988 ferme
457 1956 544 1994 novem,
560 1940 671 2002 pueriliter
680 1939 830 1988 blandientem

169 2008 225 2070 patri
244 2006 373 2060 Hamilcari,
393 2014 418 2053 ut
437 2007 553 2052 duceretur
567 2005 590 2050 in
610 2003 750 2065 Hispaniam,
772 2020 829 2057 carm,

169 2070 267 2135 perlecto
278 2071 356 2117 Alrico
365 2071 429 2123 bello,
444 2071 567 2117 exeritum
581 2084 609 2115 eo
622 2070 754 2131 traiecturus
766 2070 832 2116 sacri·

169 2136 252 2190 liceret,
268 2136 371 2182 alteribus
386 2136 507 2187 admotum,
527 2134 591 2180 tactis
607 2133 674 2180 sacris
685 2134 832 2196 jurejurando

170 2201 278 2254 adactum,
290 2215 321 2254 se,
333 2215 384 2247 cum
395 2199 490 2261 primum
501 2205 582 2259 posset,
593 2199 680 2244 hostem
689 2196 739 2245 lore
750 2198 832 2261 populo

171 2266 281 2312 Rornano-
317 2264 437 2340 rlnpebant
450 2263 547 2325 ingentis
564 2262 651 2324 spiritus
667 2263 740 2308 virum
759 2262 834 2309 Sicilie

171 2329 312 2391 Sardiniaque
322 2344 422 2375 amum
439 2342 491 2374 nam
502 2334 524 2373 et
535 2327 631 2375 Siciliam
642 2327 707 2373 nimis
718 2327 786 2373 celeri
796 2327 834 2373 do·

171 2395 294 2455 speratione
304 2408 377 2440 rerum
387 2406 522 2444 concessam,
536 2398 559 2437 et
571 2391 699 2444 Sardiniam,
716 2390 776 2437 inter
786 2406 834 2437 mo-

171 2463 218 2502 tum
229 2457 320 2533 africae,
335 2456 412 2504 fraude
426 2456 587 2508 Romanorum,
603 2455 710 2517 stipendio
721 2455 789 2503 etiam
800 2456 833 2501 in·

171 2534 238 2629 wllelr.
247 2527 535 2632 rffiosmtogippermefiepplnoe
546 2583 623 2631 Africa
635 2584 700 2639 ballo,
717 2584 780 2645 quod
794 2583 835 2631 luit

172 2646 473 2697 urbreocatemiiomauam
488 2662 571 2711 paeana
588 2663 627 2712 per
641 2650 740 2711 quinque
755 2663 832 2701 annos
