1809 2950
169 148 200 196 26
296 141 325 190 T.
340 140 428 189 LIVII
445 141 498 188 Lm.
509 140 568 188 VIl.
588 140 648 191 Cn.
662 145 700 187 22.

167 268 287 318 AEmilius:
306 272 409 332 quirem,
427 271 577 318 difficillimum
587 276 690 325 tractatu,
702 277 725 316 et
735 271 834 332 plerum·

166 353 210 397 que
224 337 280 398 parti
291 337 385 397 utrique,
403 351 490 397 semper
503 344 563 382 certe
577 337 646 389 alteri,
663 350 762 397 gravem,
781 351 835 382 curn

167 401 209 449 alit
219 402 377 454 moderatione,
394 408 442 446 tum
453 401 564 461 impendio
575 401 646 462 magis
656 401 752 461 publico,
763 415 833 460 quarn

100 517 104 526 ι
163 464 258 528 jecturd,
276 468 439 512 sustinuerunt:
459 466 521 510 tardo
536 466 595 511 enim
611 466 707 517 nomina,
724 472 747 510 et
763 465 835 526 impe-

168 530 246 576 ditiora
256 529 335 576 inertid
345 530 468 575 debitorum
483 545 549 589 quam
563 529 709 581 facultatibus,
727 536 766 575 aut
777 545 835 576 aeru·

168 596 232 646 rium,
250 595 332 640 mensis
349 610 400 640 eum
418 609 464 640 aere
479 594 502 638 in
516 594 565 639 foro
581 595 666 655 positis,
683 593 791 646 dissolvit,
810 602 836 641 ut

168 658 250 720 populo
263 659 324 720 prius
341 665 470 714 caveretur3
487 665 526 704 aut
540 659 658 704 estimatio
674 658 743 718 aequis
758 674 836 704 rerum

167 724 243 784 pretiis
253 723 365 769 liberavit:
385 729 463 768 utnon
474 723 542 768 modo
552 723 600 768 sine
613 720 698 784 injurii,
717 722 836 769 sedetiam

168 788 216 832 sine
226 787 368 846 querimoniis
379 787 447 848 partis
459 787 579 846 utriusque,
591 788 699 832 exhausta
708 787 743 832 uis
753 787 838 848 ingens

168 852 219 897 aeris
230 851 294 897 alieni
305 852 340 897 sit.
375 851 459 898 Terror
469 852 601 897 inderemus
611 851 661 897 belli
670 851 768 903 Etrusci,
781 867 836 897 cum

167 913 428 1042 diligibili
441 915 607 1043 &titii
619 915 838 1026 initiis:

168 1043 261 1090 missum
280 1045 508 1091 senatus-consultum
524 1046 570 1103 est)
590 1043 617 1092 C·
634 1044 716 1097 Julius,
734 1044 769 1089 cui
786 1060 838 1090 mee

168 1108 343 1168 gisterequitum
355 1109 452 1170 adjectus
463 1107 492 1154 L.
506 1108 619 1154 AErnilius.
655 1106 770 1156 ceterum
779 1108 838 1155 foris

168 1173 286 1232 tranquilla
297 1174 371 1218 omnia
380 1171 452 1219 iudre.

200 1235 286 1283 XXII.
305 1237 427 1284 Tenutum
442 1237 501 1283 domi
517 1253 558 1299 per
573 1238 710 1289 dictatorem,
727 1244 753 1282 ut
768 1238 837 1284 umbo

167 1301 252 1362 patricii
263 1301 366 1348 consules
376 1309 509 1355 crearentur,
525 1318 572 1348 rem
583 1302 611 1347 ad
620 1303 772 1364 interregnum
783 1317 837 1363 per-

168 1365 237 1412 duxit.
273 1364 329 1412 Duo
348 1367 470 1428 interreges
487 1365 515 1414 C.
534 1367 644 1427 Sulpicius
659 1374 683 1412 et
699 1365 736 1412 Μ.
750 1365 838 1414 Fabius

167 1429 291 1493 interpositi
300 1427 420 1484 obtinudre,
438 1431 497 1492 quod
507 1431 600 1477 dictator
609 1429 692 1478 frustra
701 1431 835 1486 tetenderat,

167 1495 255 1542 mitiore
261 1497 309 1558 jem
317 1496 379 1558 plebe
391 1497 419 1542 ob
430 1511 507 1543 recens
515 1497 617 1542 meritum
624 1496 691 1542 lereti
700 1496 751 1550 aerie
758 1496 834 1550 alieni,

168 1567 193 1605 ut
203 1562 268 1606 ambo
279 1561 363 1621 patricii
374 1561 477 1607 consules
487 1567 620 1607 crearentur.
656 1558 732 1608 Cresti
742 1560 789 1621 ipse
801 1559 832 1608 C·

168 1623 278 1685 Sulpicius
296 1624 393 1677 Peticus,
411 1626 448 1685 qui
464 1626 524 1686 prior
541 1626 670 1686 interregno
686 1625 744 1677 abiit,
762 1632 785 1671 et
799 1624 832 1671 T.

169 1686 275 1739 Quintius
294 1687 399 1733 Pennus:
423 1690 522 1751 (quidum
542 1687 669 1743 Caesonem,
687 1689 723 1735 ulii
742 1687 839 1743 caium,

167 1764 249 1797 nomen
261 1750 355 1803 Quintio
364 1750 489 1813 adjiciunt)
515 1754 554 1800 Ad
563 1755 644 1801 bellum
655 1754 720 1800 ambo
729 1753 833 1815 profecti,

168 1812 279 1860 Faliscum
292 1814 404 1869 Quintius,
424 1816 534 1877 Sulpicius
544 1818 711 1879 Tarquiniense,
722 1823 835 1878 nusquam

167 1877 215 1923 acie
231 1894 352 1940 congresso
369 1880 439 1935 hoste,
462 1896 513 1927 cum
531 1884 591 1944 agris
608 1883 680 1944 magis
696 1897 762 1942 qutun
780 1899 834 1929 cum

167 1941 298 1996 hominibus,
317 1944 400 1990 urendo
421 1947 597 2007 populandoque,
618 1954 736 2008 gessenrut
760 1947 831 1993 belis:

166 2007 230 2070 cujus
238 2006 305 2053 lentae
315 2009 376 2055 velut
388 2011 442 2056 tubis
454 2009 515 2057 senio
523 2011 582 2057 victe
590 2011 704 2071 utriusque
713 2012 836 2072 pertinacia

166 2070 242 2131 poprdi
257 2078 299 2123 est,
319 2080 344 2118 ut
359 2073 454 2134 primum
473 2091 486 2121 a
502 2075 635 2129 consulibus,
651 2076 709 2129 dein,
722 2076 834 2136 permissu

167 2150 251 2187 eorum,
269 2135 296 2182 ab
310 2145 387 2183 senatu
401 2139 500 2185 inducias
516 2147 617 2201 peterent
624 2157 634 2204 r,
648 2140 672 2185 iu
687 2140 835 2200 quodraginta

166 2214 237 2245 annos
254 2200 433 2261 impetraverunt.
464 2201 507 2256 Ita,
525 2202 596 2265 positi
610 2204 704 2250 duorum
714 2204 832 2258 bellonun,

166 2279 216 2323 quae
235 2264 384 2319 imminebant,
402 2266 461 2321 curi,
480 2268 533 2313 dum
551 2268 623 2328 ulique
638 2270 665 2314 eb
683 2269 751 2314 armis
769 2269 835 2329 quies

165 2335 231 2382 esset,
249 2330 299 2389 quie
314 2330 395 2377 solutio
406 2332 457 2378 aeris
467 2332 532 2378 alieni
542 2333 662 2379 multarum
673 2348 746 2379 rerum
757 2340 841 2385 mute.

164 2400 228 2439 voret
242 2393 350 2449 dominos,
368 2410 459 2443 censum
474 2396 511 2457 ug'i
525 2397 613 2458 placuit
649 2395 763 2445 Creterum
778 2413 833 2446 eum

165 2458 292 2505 censoribus
307 2460 405 2507 creandis
419 2461 502 2507 indicta
516 2461 606 2507 comitis
619 2468 701 2513 essent,
717 2460 834 2522 professus

164 2536 280 2568 censuram
295 2532 408 2585 repetere
423 2523 451 2573 C.
466 2524 567 2571 Marcius
578 2525 676 2579 Rutilus,
693 2526 730 2585 qui
745 2526 833 2588 primus

164 2584 258 2632 dictator
266 2587 293 2633 de
300 2588 363 2648 plebe
372 2588 451 2641 lueret,
461 2589 600 2635 concordimn
609 2589 710 2635 ordinum
718 2591 829 2637 turbavit:

165 2650 224 2709 quod
238 2650 352 2699 ridebatur
366 2652 454 2713 quidem
470 2659 570 2716 tempore
583 2653 656 2701 alieno
669 2652 762 2712 fecisse3
780 2657 834 2717 quie
