<?xml version="1.0" encoding="UTF-8"?>
<!DOCTYPE html PUBLIC "-//W3C//DTD XHTML 1.0 Transitional//EN"
    "http://www.w3.org/TR/xhtml1/DTD/xhtml1-transitional.dtd">
<html xmlns="http://www.w3.org/1999/xhtml" xml:lang="en" lang="en">
 <head>
  <title>
</title>
<meta http-equiv="Content-Type" content="text/html;charset=utf-8" />
  <meta name='ocr-system' content='tesseract 3.04.00' />
  <meta name='ocr-capabilities' content='ocr_page ocr_carea ocr_par ocr_line ocrx_word'/>
</head>
<body>
  <div class='ocr_page' id='page_1' title='image "./tliviipatavinih02caregoog_0141.png"; bbox 0 0 1809 2950; ppageno 0'>
   <div class='ocr_carea' id='block_1_1' title="bbox 145 80 689 141">
    <p class='ocr_par' dir='ltr' id='par_1_1' title="bbox 145 80 689 141">
     <span class='ocr_line' id='line_1_1' title="bbox 145 80 689 141; baseline -0.017 -3"><span class='ocrx_word' id='word_1_1' title='bbox 145 93 193 138; x_wconf 67' lang='lat'>128</span> <span class='ocrx_word' id='word_1_2' title='bbox 278 84 309 141; x_wconf 77' lang='lat' dir='ltr'>&#39;l&#39;-</span> <span class='ocrx_word' id='word_1_3' title='bbox 322 82 412 133; x_wconf 86' lang='lat' dir='ltr'>LIVII</span> <span class='ocrx_word' id='word_1_4' title='bbox 428 80 542 141; x_wconf 65' lang='lat' dir='ltr'>anna</span> <span class='ocrx_word' id='word_1_5' title='bbox 561 82 689 133; x_wconf 70' lang='lat' dir='ltr'>Car-18.»</span> 
     </span>
    </p>
   </div>
   <div class='ocr_carea' id='block_1_2' title="bbox 145 212 884 1375">
    <p class='ocr_par' dir='ltr' id='par_1_2' title="bbox 145 212 884 1375">
     <span class='ocr_line' id='line_1_2' title="bbox 145 212 884 277; baseline -0.014 -10"><span class='ocrx_word' id='word_1_6' title='bbox 145 213 227 272; x_wconf 70' lang='lat' dir='ltr'>Italic,</span> <span class='ocrx_word' id='word_1_7' title='bbox 247 231 314 277; x_wconf 85' lang='lat' dir='ltr'>quam</span> <span class='ocrx_word' id='word_1_8' title='bbox 336 214 416 269; x_wconf 73' lang='lat' dir='ltr'>Indiae,</span> <span class='ocrx_word' id='word_1_9' title='bbox 438 230 478 276; x_wconf 85' lang='lat' dir='ltr'>per</span> <span class='ocrx_word' id='word_1_10' title='bbox 499 229 565 275; x_wconf 88' lang='lat' dir='ltr'>quam</span> <span class='ocrx_word' id='word_1_11' title='bbox 583 214 707 260; x_wconf 84' lang='lat' dir='ltr'>temulento</span> <span class='ocrx_word' id='word_1_12' title='bbox 725 214 816 276; x_wconf 77' lang='lat' dir='ltr'>agndae</span> <span class='ocrx_word' id='word_1_13' title='bbox 883 212 884 221; x_wconf 53' lang='lat'><strong>³</strong></span> 
     </span>
     <span class='ocr_line' id='line_1_3' title="bbox 145 278 884 341; baseline -0.005 -11"><span class='ocrx_word' id='word_1_14' title='bbox 145 281 328 331; x_wconf 84' lang='lat' dir='ltr'>conrisaabundus</span> <span class='ocrx_word' id='word_1_15' title='bbox 338 280 436 333; x_wconf 87' lang='lat' dir='ltr'>incessit,</span> <span class='ocrx_word' id='word_1_16' title='bbox 448 280 511 325; x_wconf 88' lang='lat' dir='ltr'>visus</span> <span class='ocrx_word' id='word_1_17' title='bbox 521 278 554 325; x_wconf 87' lang='lat' dir='ltr'>illi</span> <span class='ocrx_word' id='word_1_18' title='bbox 565 278 652 325; x_wconf 87' lang='lat' dir='ltr'>habitus</span> <span class='ocrx_word' id='word_1_19' title='bbox 662 285 730 332; x_wconf 83' lang='lat' dir='ltr'>esset,</span> <span class='ocrx_word' id='word_1_20' title='bbox 748 280 817 327; x_wconf 85' lang='lat' dir='ltr'>saltus</span> <span class='ocrx_word' id='word_1_21' title='bbox 883 304 884 341; x_wconf 44' lang='grc' dir='ltr'><strong>ς</strong></span> 
     </span>
     <span class='ocr_line' id='line_1_4' title="bbox 148 340 884 410; baseline -0.001 -16"><span class='ocrx_word' id='word_1_22' title='bbox 148 348 239 410; x_wconf 70' lang='lat' dir='ltr'>Apuliae</span> <span class='ocrx_word' id='word_1_23' title='bbox 250 362 276 393; x_wconf 90' lang='lat' dir='ltr'>ac</span> <span class='ocrx_word' id='word_1_24' title='bbox 286 352 376 391; x_wconf 88' lang='lat' dir='ltr'>montes</span> <span class='ocrx_word' id='word_1_25' title='bbox 387 344 493 391; x_wconf 88' lang='lat' dir='ltr'>Lucanos</span> <span class='ocrx_word' id='word_1_26' title='bbox 500 340 612 396; x_wconf 81' lang='lat' dir='ltr'>cernenti,</span> <span class='ocrx_word' id='word_1_27' title='bbox 628 350 652 389; x_wconf 90' lang='lat' dir='ltr'>et</span> <span class='ocrx_word' id='word_1_28' title='bbox 668 343 767 405; x_wconf 83' lang='lat' dir='ltr'>vestigia</span> <span class='ocrx_word' id='word_1_29' title='bbox 784 359 818 391; x_wconf 86' lang='lat' dir='ltr'>re·</span> <span class='ocrx_word' id='word_1_30' title='bbox 883 344 884 393; x_wconf 77' lang='lat' dir='ltr'>l</span> 
     </span>
     <span class='ocr_line' id='line_1_5' title="bbox 148 408 884 471; baseline -0.012 -11"><span class='ocrx_word' id='word_1_31' title='bbox 148 414 222 460; x_wconf 83' lang='lat' dir='ltr'>centia</span> <span class='ocrx_word' id='word_1_32' title='bbox 240 410 368 457; x_wconf 76' lang='lat' dir='ltr'>domesticae</span> <span class='ocrx_word' id='word_1_33' title='bbox 387 410 462 461; x_wconf 86' lang='lat' dir='ltr'>cladis,</span> <span class='ocrx_word' id='word_1_34' title='bbox 484 410 520 471; x_wconf 84' lang='lat' dir='ltr'>ubi</span> <span class='ocrx_word' id='word_1_35' title='bbox 539 408 663 454; x_wconf 87' lang='lat' dir='ltr'>avunculus</span> <span class='ocrx_word' id='word_1_36' title='bbox 682 409 732 470; x_wconf 86' lang='lat' dir='ltr'>ejus</span> <span class='ocrx_word' id='word_1_37' title='bbox 749 422 817 471; x_wconf 98' lang='lat' dir='ltr'>nuper</span> <span class='ocrx_word' id='word_1_38' title='bbox 883 442 884 445; x_wconf 66' lang='lat'>,</span> 
     </span>
     <span class='ocr_line' id='line_1_6' title="bbox 148 474 884 540; baseline -0.016 -15"><span class='ocrx_word' id='word_1_39' title='bbox 148 476 214 540; x_wconf 85' lang='lat' dir='ltr'><strong>Epiri</strong></span> <span class='ocrx_word' id='word_1_40' title='bbox 225 492 265 523; x_wconf 85' lang='lat' dir='ltr'>rex</span> <span class='ocrx_word' id='word_1_41' title='bbox 275 475 404 521; x_wconf 82' lang='lat' dir='ltr'>Alexander</span> <span class='ocrx_word' id='word_1_42' title='bbox 414 474 529 519; x_wconf 79' lang='lat' dir='ltr'>absumtos</span> <span class='ocrx_word' id='word_1_43' title='bbox 540 480 594 519; x_wconf 79' lang='lat' dir='ltr'>erat.</span> <span class='ocrx_word' id='word_1_44' title='bbox 730 522 733 527; x_wconf 31' lang='lat'>¹</span> <span class='ocrx_word' id='word_1_45' title='bbox 883 482 884 527; x_wconf 42' lang='grc' dir='ltr'>ξ</span> 
     </span>
     <span class='ocr_line' id='line_1_7' title="bbox 182 536 820 601; baseline -0.005 -13"><span class='ocrx_word' id='word_1_46' title='bbox 182 539 282 588; x_wconf 83' lang='lat' dir='ltr'>XVIII.</span> <span class='ocrx_word' id='word_1_47' title='bbox 299 540 332 585; x_wconf 85' lang='lat' dir='ltr'>Et</span> <span class='ocrx_word' id='word_1_48' title='bbox 342 540 454 601; x_wconf 89' lang='lat' dir='ltr'>loquimur</span> <span class='ocrx_word' id='word_1_49' title='bbox 463 538 490 584; x_wconf 93' lang='lat' dir='ltr'>de</span> <span class='ocrx_word' id='word_1_50' title='bbox 498 536 628 583; x_wconf 84' lang='lat' dir='ltr'>Alexandro</span> <span class='ocrx_word' id='word_1_51' title='bbox 636 538 737 583; x_wconf 91' lang='lat' dir='ltr'>nondum</span> <span class='ocrx_word' id='word_1_52' title='bbox 745 552 820 585; x_wconf 80' lang='lat' dir='ltr'>merso</span> 
     </span>
     <span class='ocr_line' id='line_1_8' title="bbox 150 601 821 663; baseline -0.01 -9"><span class='ocrx_word' id='word_1_53' title='bbox 150 606 254 655; x_wconf 74' lang='lat' dir='ltr'>aecundis</span> <span class='ocrx_word' id='word_1_54' title='bbox 265 606 336 657; x_wconf 86' lang='lat' dir='ltr'>rebus,</span> <span class='ocrx_word' id='word_1_55' title='bbox 349 617 443 663; x_wconf 86' lang='lat' dir='ltr'>quarum</span> <span class='ocrx_word' id='word_1_56' title='bbox 454 618 521 649; x_wconf 88' lang='lat' dir='ltr'>nemo</span> <span class='ocrx_word' id='word_1_57' title='bbox 532 602 685 648; x_wconf 84' lang='lat' dir='ltr'>intolerantior</span> <span class='ocrx_word' id='word_1_58' title='bbox 696 601 756 648; x_wconf 84' lang='lat' dir='ltr'>fuit:</span> <span class='ocrx_word' id='word_1_59' title='bbox 774 603 821 663; x_wconf 82' lang='lat' dir='ltr'>qui,</span> 
     </span>
     <span class='ocr_line' id='line_1_9' title="bbox 150 664 884 729; baseline -0.003 -15"><span class='ocrx_word' id='word_1_60' title='bbox 150 674 170 719; x_wconf 78' lang='lat' dir='ltr'>ei</span> <span class='ocrx_word' id='word_1_61' title='bbox 186 685 215 718; x_wconf 85' lang='lat' dir='ltr'>ex</span> <span class='ocrx_word' id='word_1_62' title='bbox 230 670 307 715; x_wconf 89' lang='lat' dir='ltr'>habitu</span> <span class='ocrx_word' id='word_1_63' title='bbox 318 683 384 714; x_wconf 83' lang='lat' dir='ltr'>norae</span> <span class='ocrx_word' id='word_1_64' title='bbox 399 667 504 720; x_wconf 79' lang='lat' dir='ltr'>fortunae,</span> <span class='ocrx_word' id='word_1_65' title='bbox 524 668 621 727; x_wconf 89' lang='lat' dir='ltr'>novique</span> <span class='ocrx_word' id='word_1_66' title='bbox 637 667 675 729; x_wconf 90' lang='lat' dir='ltr'>(ut</span> <span class='ocrx_word' id='word_1_67' title='bbox 689 668 721 713; x_wconf 91' lang='lat' dir='ltr'>ita</span> <span class='ocrx_word' id='word_1_68' title='bbox 735 664 821 726; x_wconf 87' lang='lat' dir='ltr'>dicam)</span> <span class='ocrx_word' id='word_1_69' title='bbox 883 672 884 677; x_wconf 78' lang='grc'>’</span> 
     </span>
     <span class='ocr_line' id='line_1_10' title="bbox 150 731 884 797; baseline 0 -19"><span class='ocrx_word' id='word_1_70' title='bbox 150 734 242 797; x_wconf 82' lang='lat' dir='ltr'>ingenii,</span> <span class='ocrx_word' id='word_1_71' title='bbox 261 732 321 793; x_wconf 87' lang='lat' dir='ltr'>quod</span> <span class='ocrx_word' id='word_1_72' title='bbox 337 732 377 778; x_wconf 88' lang='lat' dir='ltr'>sibi</span> <span class='ocrx_word' id='word_1_73' title='bbox 394 732 467 779; x_wconf 83' lang='lat' dir='ltr'>victor</span> <span class='ocrx_word' id='word_1_74' title='bbox 482 732 589 785; x_wconf 76' lang='lat' dir='ltr'>induerat,</span> <span class='ocrx_word' id='word_1_75' title='bbox 611 738 730 793; x_wconf 75' lang='lat' dir='ltr'>spectetur,</span> <span class='ocrx_word' id='word_1_76' title='bbox 747 731 823 779; x_wconf 90' lang='lat' dir='ltr'>Dario</span> <span class='ocrx_word' id='word_1_77' title='bbox 883 748 884 767; x_wconf 59' lang='lat'>¹</span> 
     </span>
     <span class='ocr_line' id='line_1_11' title="bbox 151 794 823 861; baseline -0.004 -15"><span class='ocrx_word' id='word_1_78' title='bbox 151 799 224 861; x_wconf 81' lang='lat' dir='ltr'>magis</span> <span class='ocrx_word' id='word_1_79' title='bbox 235 797 319 850; x_wconf 86' lang='lat' dir='ltr'>similis,</span> <span class='ocrx_word' id='word_1_80' title='bbox 331 812 398 857; x_wconf 86' lang='lat' dir='ltr'>quam</span> <span class='ocrx_word' id='word_1_81' title='bbox 410 797 548 849; x_wconf 85' lang='lat' dir='ltr'>Alexandro,</span> <span class='ocrx_word' id='word_1_82' title='bbox 565 797 588 841; x_wconf 92' lang='lat' dir='ltr'>in</span> <span class='ocrx_word' id='word_1_83' title='bbox 607 794 695 842; x_wconf 88' lang='lat' dir='ltr'>Italiam</span> <span class='ocrx_word' id='word_1_84' title='bbox 712 797 823 850; x_wconf 80' lang='lat' dir='ltr'>venisset,</span> 
     </span>
     <span class='ocr_line' id='line_1_12' title="bbox 151 856 884 923; baseline -0.004 -12"><span class='ocrx_word' id='word_1_85' title='bbox 151 872 175 911; x_wconf 85' lang='lat' dir='ltr'>et</span> <span class='ocrx_word' id='word_1_86' title='bbox 192 863 315 910; x_wconf 83' lang='lat' dir='ltr'>exercitum</span> <span class='ocrx_word' id='word_1_87' title='bbox 331 861 475 907; x_wconf 74' lang='lat' dir='ltr'>Macedoniae</span> <span class='ocrx_word' id='word_1_88' title='bbox 494 861 587 907; x_wconf 89' lang='lat' dir='ltr'>oblitum</span> <span class='ocrx_word' id='word_1_89' title='bbox 604 862 825 923; x_wconf 82' lang='lat' dir='ltr'>degenerantemque</span> <span class='ocrx_word' id='word_1_90' title='bbox 883 856 884 897; x_wconf 65' lang='grc' dir='ltr'><strong>ἶ</strong></span> 
     </span>
     <span class='ocr_line' id='line_1_13' title="bbox 148 925 826 991; baseline 0 -18"><span class='ocrx_word' id='word_1_91' title='bbox 148 930 197 991; x_wconf 81' lang='lat' dir='ltr'>jam</span> <span class='ocrx_word' id='word_1_92' title='bbox 205 928 229 973; x_wconf 90' lang='lat' dir='ltr'>in</span> <span class='ocrx_word' id='word_1_93' title='bbox 238 926 359 973; x_wconf 86' lang='lat' dir='ltr'>Persarum</span> <span class='ocrx_word' id='word_1_94' title='bbox 369 941 444 972; x_wconf 85' lang='lat' dir='ltr'>mores</span> <span class='ocrx_word' id='word_1_95' title='bbox 451 925 587 971; x_wconf 79' lang='lat' dir='ltr'>adduxisset.</span> <span class='ocrx_word' id='word_1_96' title='bbox 623 925 718 972; x_wconf 76' lang='lat' dir='ltr'>Referre</span> <span class='ocrx_word' id='word_1_97' title='bbox 726 927 751 972; x_wconf 93' lang='lat' dir='ltr'>in</span> <span class='ocrx_word' id='word_1_98' title='bbox 760 932 826 973; x_wconf 80' lang='lat' dir='ltr'>tanto</span> 
     </span>
     <span class='ocr_line' id='line_1_14' title="bbox 155 990 884 1055; baseline -0.003 -16"><span class='ocrx_word' id='word_1_99' title='bbox 155 992 282 1055; x_wconf 79' lang='lat' dir='ltr'>regepiget</span> <span class='ocrx_word' id='word_1_100' title='bbox 293 992 410 1053; x_wconf 81' lang='lat' dir='ltr'>superbam</span> <span class='ocrx_word' id='word_1_101' title='bbox 420 990 567 1036; x_wconf 85' lang='lat' dir='ltr'>mutationem</span> <span class='ocrx_word' id='word_1_102' title='bbox 579 991 655 1044; x_wconf 83' lang='lat' dir='ltr'>vestis,</span> <span class='ocrx_word' id='word_1_103' title='bbox 673 997 697 1037; x_wconf 89' lang='lat' dir='ltr'>et</span> <span class='ocrx_word' id='word_1_104' title='bbox 711 990 827 1037; x_wconf 85' lang='lat' dir='ltr'>desidera-</span> <span class='ocrx_word' id='word_1_105' title='bbox 883 1006 884 1011; x_wconf 52' lang='lat'>¹</span> 
     </span>
     <span class='ocr_line' id='line_1_15' title="bbox 152 1054 828 1117; baseline -0.001 -14"><span class='ocrx_word' id='word_1_106' title='bbox 152 1064 188 1104; x_wconf 87' lang='lat' dir='ltr'>tas</span> <span class='ocrx_word' id='word_1_107' title='bbox 204 1057 266 1103; x_wconf 91' lang='lat' dir='ltr'>bumi</span> <span class='ocrx_word' id='word_1_108' title='bbox 278 1056 402 1117; x_wconf 75' lang='lat' dir='ltr'>Jaceutium</span> <span class='ocrx_word' id='word_1_109' title='bbox 419 1055 565 1107; x_wconf 76' lang='lat' dir='ltr'>adulationes,</span> <span class='ocrx_word' id='word_1_110' title='bbox 583 1056 650 1102; x_wconf 89' lang='lat' dir='ltr'>etiam</span> <span class='ocrx_word' id='word_1_111' title='bbox 665 1055 730 1101; x_wconf 84' lang='lat' dir='ltr'>victis</span> <span class='ocrx_word' id='word_1_112' title='bbox 743 1054 828 1103; x_wconf 84' lang='lat' dir='ltr'>Macc-</span> 
     </span>
     <span class='ocr_line' id='line_1_16' title="bbox 154 1117 828 1183; baseline 0.001 -15"><span class='ocrx_word' id='word_1_113' title='bbox 154 1122 249 1169; x_wconf 83' lang='lat' dir='ltr'>dombus</span> <span class='ocrx_word' id='word_1_114' title='bbox 263 1136 351 1182; x_wconf 83' lang='lat' dir='ltr'>graves,</span> <span class='ocrx_word' id='word_1_115' title='bbox 369 1120 451 1165; x_wconf 89' lang='lat' dir='ltr'>nedum</span> <span class='ocrx_word' id='word_1_116' title='bbox 468 1120 604 1177; x_wconf 85' lang='lat' dir='ltr'>victoribus;</span> <span class='ocrx_word' id='word_1_117' title='bbox 624 1127 647 1166; x_wconf 91' lang='lat' dir='ltr'>et</span> <span class='ocrx_word' id='word_1_118' title='bbox 662 1117 723 1167; x_wconf 80' lang='lat' dir='ltr'>soeda</span> <span class='ocrx_word' id='word_1_119' title='bbox 739 1120 828 1183; x_wconf 79' lang='lat' dir='ltr'>suppti-</span> 
     </span>
     <span class='ocr_line' id='line_1_17' title="bbox 154 1183 830 1245; baseline 0 -12"><span class='ocrx_word' id='word_1_120' title='bbox 154 1188 196 1241; x_wconf 78' lang='lat' dir='ltr'>cia,</span> <span class='ocrx_word' id='word_1_121' title='bbox 214 1193 238 1233; x_wconf 84' lang='lat' dir='ltr'>et</span> <span class='ocrx_word' id='word_1_122' title='bbox 253 1186 405 1232; x_wconf 84' lang='lat' dir='ltr'>inter-vinum</span> <span class='ocrx_word' id='word_1_123' title='bbox 422 1191 446 1230; x_wconf 90' lang='lat' dir='ltr'>et</span> <span class='ocrx_word' id='word_1_124' title='bbox 464 1184 540 1245; x_wconf 82' lang='lat' dir='ltr'>epulas</span> <span class='ocrx_word' id='word_1_125' title='bbox 559 1183 632 1231; x_wconf 86' lang='lat' dir='ltr'>caedes</span> <span class='ocrx_word' id='word_1_126' title='bbox 651 1186 783 1241; x_wconf 82' lang='lat' dir='ltr'>amicorum,</span> <span class='ocrx_word' id='word_1_127' title='bbox 804 1192 830 1233; x_wconf 87' lang='lat' dir='ltr'>et</span> 
     </span>
     <span class='ocr_line' id='line_1_18' title="bbox 154 1248 829 1309; baseline -0.003 -10"><span class='ocrx_word' id='word_1_128' title='bbox 154 1252 277 1299; x_wconf 81' lang='lat' dir='ltr'>vanitatem</span> <span class='ocrx_word' id='word_1_129' title='bbox 293 1248 440 1295; x_wconf 67' lang='lat' dir='ltr'>ementiendae</span> <span class='ocrx_word' id='word_1_130' title='bbox 457 1249 538 1309; x_wconf 80' lang='lat' dir='ltr'>stirpis.</span> <span class='ocrx_word' id='word_1_131' title='bbox 576 1248 644 1303; x_wconf 79' lang='lat' dir='ltr'>Quid,</span> <span class='ocrx_word' id='word_1_132' title='bbox 663 1250 681 1295; x_wconf 86' lang='lat' dir='ltr'>si</span> <span class='ocrx_word' id='word_1_133' title='bbox 697 1250 745 1295; x_wconf 91' lang='lat' dir='ltr'>vini</span> <span class='ocrx_word' id='word_1_134' title='bbox 762 1266 829 1297; x_wconf 89' lang='lat' dir='ltr'>amor</span> 
     </span>
     <span class='ocr_line' id='line_1_19' title="bbox 154 1312 884 1375; baseline -0.003 -12"><span class='ocrx_word' id='word_1_135' title='bbox 154 1317 179 1362; x_wconf 92' lang='lat' dir='ltr'>in</span> <span class='ocrx_word' id='word_1_136' title='bbox 195 1316 242 1363; x_wconf 87' lang='lat' dir='ltr'>dies</span> <span class='ocrx_word' id='word_1_137' title='bbox 252 1314 315 1361; x_wconf 83' lang='lat' dir='ltr'>fieret</span> <span class='ocrx_word' id='word_1_138' title='bbox 327 1313 414 1359; x_wconf 82' lang='lat' dir='ltr'>acrior?</span> <span class='ocrx_word' id='word_1_139' title='bbox 431 1312 491 1373; x_wconf 76' lang='lat' dir='ltr'>quid,</span> <span class='ocrx_word' id='word_1_140' title='bbox 505 1314 523 1358; x_wconf 85' lang='lat' dir='ltr'>si</span> <span class='ocrx_word' id='word_1_141' title='bbox 533 1320 586 1359; x_wconf 86' lang='lat' dir='ltr'>trux</span> <span class='ocrx_word' id='word_1_142' title='bbox 597 1330 623 1360; x_wconf 88' lang='lat' dir='ltr'>ac</span> <span class='ocrx_word' id='word_1_143' title='bbox 632 1313 766 1375; x_wconf 84' lang='lat' dir='ltr'>praefervida</span> <span class='ocrx_word' id='word_1_144' title='bbox 776 1315 829 1361; x_wconf 78' lang='lat' dir='ltr'>ira?</span> <span class='ocrx_word' id='word_1_145' title='bbox 883 1338 884 1345; x_wconf 21' lang='grc' dir='ltr'><strong>κ</strong></span> 
     </span>
    </p>
   </div>
   <div class='ocr_carea' id='block_1_3' title="bbox 61 1376 829 1449">
    <p class='ocr_par' dir='ltr' id='par_1_3' title="bbox 61 1376 829 1449">
     <span class='ocr_line' id='line_1_20' title="bbox 61 1376 829 1449; baseline -0.003 -21"><span class='ocrx_word' id='word_1_146' title='bbox 61 1379 81 1449; x_wconf 54' lang='grc' dir='ltr'><strong> </strong></span> <span class='ocrx_word' id='word_1_147' title='bbox 155 1380 339 1446; x_wconf 89' lang='lat' dir='ltr'>(necquidquam</span> <span class='ocrx_word' id='word_1_148' title='bbox 354 1378 444 1424; x_wconf 92' lang='lat' dir='ltr'>dubium</span> <span class='ocrx_word' id='word_1_149' title='bbox 463 1379 522 1423; x_wconf 90' lang='lat' dir='ltr'>inter</span> <span class='ocrx_word' id='word_1_150' title='bbox 538 1378 657 1440; x_wconf 87' lang='lat' dir='ltr'>scriptores</span> <span class='ocrx_word' id='word_1_151' title='bbox 673 1376 758 1439; x_wconf 84' lang='lat' dir='ltr'>refero)</span> <span class='ocrx_word' id='word_1_152' title='bbox 774 1381 829 1427; x_wconf 91' lang='lat' dir='ltr'>nul-</span> 
     </span>
    </p>
   </div>
   <div class='ocr_carea' id='block_1_4' title="bbox 92 1442 835 2541">
    <p class='ocr_par' dir='ltr' id='par_1_4' title="bbox 92 1442 835 2541">
     <span class='ocr_line' id='line_1_21' title="bbox 154 1442 829 1507; baseline -0.001 -13"><span class='ocrx_word' id='word_1_153' title='bbox 154 1448 207 1494; x_wconf 86' lang='lat' dir='ltr'>lane</span> <span class='ocrx_word' id='word_1_154' title='bbox 217 1448 266 1494; x_wconf 84' lang='lat' dir='ltr'>baec</span> <span class='ocrx_word' id='word_1_155' title='bbox 277 1445 358 1492; x_wconf 70' lang='lat' dir='ltr'>mmna</span> <span class='ocrx_word' id='word_1_156' title='bbox 366 1442 514 1507; x_wconf 83' lang='lat' dir='ltr'>imperatoriis</span> <span class='ocrx_word' id='word_1_157' title='bbox 524 1443 643 1491; x_wconf 78' lang='lat' dir='ltr'>virtutibus</span> <span class='ocrx_word' id='word_1_158' title='bbox 655 1443 775 1492; x_wconf 82' lang='lat' dir='ltr'>ducimus?</span> <span class='ocrx_word' id='word_1_159' title='bbox 798 1442 829 1493; x_wconf 88' lang='lat' dir='ltr'>Id</span> 
     </span>
     <span class='ocr_line' id='line_1_22' title="bbox 92 1509 830 1637; baseline -0.001 -13"><span class='ocrx_word' id='word_1_160' title='bbox 92 1514 96 1524; x_wconf 43' lang='lat'><strong><em>⁴</em></strong></span> <span class='ocrx_word' id='word_1_161' title='bbox 155 1509 830 1637; x_wconf 49' lang='lat' dir='ltr'>libidiffliioliiiaiiidiiiiimffliigiffi</span> 
     </span>
     <span class='ocr_line' id='line_1_23' title="bbox 155 1636 830 1701; baseline 0.001 -14"><span class='ocrx_word' id='word_1_162' title='bbox 155 1641 241 1694; x_wconf 79' lang='lat' dir='ltr'>favent,</span> <span class='ocrx_word' id='word_1_163' title='bbox 252 1641 353 1686; x_wconf 83' lang='lat' dir='ltr'>dictitare</span> <span class='ocrx_word' id='word_1_164' title='bbox 363 1636 447 1698; x_wconf 89' lang='lat' dir='ltr'>solent)</span> <span class='ocrx_word' id='word_1_165' title='bbox 459 1653 488 1684; x_wconf 90' lang='lat' dir='ltr'>ne</span> <span class='ocrx_word' id='word_1_166' title='bbox 498 1639 636 1701; x_wconf 81' lang='lat' dir='ltr'>majestatem</span> <span class='ocrx_word' id='word_1_167' title='bbox 647 1640 745 1686; x_wconf 84' lang='lat' dir='ltr'>nom‘mis</span> <span class='ocrx_word' id='word_1_168' title='bbox 753 1640 830 1688; x_wconf 81' lang='lat' dir='ltr'>Alex-</span> 
     </span>
     <span class='ocr_line' id='line_1_24' title="bbox 157 1700 830 1767; baseline 0 -18"><span class='ocrx_word' id='word_1_169' title='bbox 157 1705 220 1753; x_wconf 80' lang='lat' dir='ltr'>andri</span> <span class='ocrx_word' id='word_1_170' title='bbox 226 1705 303 1767; x_wconf 90' lang='lat' dir='ltr'>(quem</span> <span class='ocrx_word' id='word_1_171' title='bbox 312 1717 341 1748; x_wconf 93' lang='lat' dir='ltr'>ne</span> <span class='ocrx_word' id='word_1_172' title='bbox 348 1700 407 1749; x_wconf 76' lang='lat' dir='ltr'>fami</span> <span class='ocrx_word' id='word_1_173' title='bbox 412 1703 500 1764; x_wconf 90' lang='lat' dir='ltr'>quidem</span> <span class='ocrx_word' id='word_1_174' title='bbox 508 1703 551 1749; x_wconf 88' lang='lat' dir='ltr'>illis</span> <span class='ocrx_word' id='word_1_175' title='bbox 561 1710 641 1750; x_wconf 88' lang='lat' dir='ltr'>notum</span> <span class='ocrx_word' id='word_1_176' title='bbox 647 1703 830 1766; x_wconf 67' lang='lat' dir='ltr'>arbitrorfiripee)</span> 
     </span>
     <span class='ocr_line' id='line_1_25' title="bbox 158 1767 831 1829; baseline 0.01 -18"><span class='ocrx_word' id='word_1_177' title='bbox 158 1769 268 1816; x_wconf 73' lang='lat' dir='ltr'>auefinere</span> <span class='ocrx_word' id='word_1_178' title='bbox 289 1781 335 1812; x_wconf 89' lang='lat' dir='ltr'>non</span> <span class='ocrx_word' id='word_1_179' title='bbox 352 1767 449 1826; x_wconf 87' lang='lat' dir='ltr'>potuerit</span> <span class='ocrx_word' id='word_1_180' title='bbox 464 1768 560 1829; x_wconf 91' lang='lat' dir='ltr'>populus</span> <span class='ocrx_word' id='word_1_181' title='bbox 577 1767 714 1816; x_wconf 84' lang='lat' dir='ltr'>Romanus?</span> <span class='ocrx_word' id='word_1_182' title='bbox 737 1777 770 1824; x_wconf 71' lang='lat' dir='ltr'>et,</span> <span class='ocrx_word' id='word_1_183' title='bbox 789 1771 831 1818; x_wconf 86' lang='lat' dir='ltr'>ad-</span> 
     </span>
     <span class='ocr_line' id='line_1_26' title="bbox 158 1831 831 1891; baseline 0.006 -12"><span class='ocrx_word' id='word_1_184' title='bbox 158 1846 237 1879; x_wconf 77' lang='lat' dir='ltr'>versus</span> <span class='ocrx_word' id='word_1_185' title='bbox 248 1845 314 1891; x_wconf 87' lang='lat' dir='ltr'>quem</span> <span class='ocrx_word' id='word_1_186' title='bbox 325 1831 429 1885; x_wconf 84' lang='lat' dir='ltr'>Athenis,</span> <span class='ocrx_word' id='word_1_187' title='bbox 445 1832 469 1876; x_wconf 92' lang='lat' dir='ltr'>in</span> <span class='ocrx_word' id='word_1_188' title='bbox 484 1833 573 1879; x_wconf 85' lang='lat' dir='ltr'>civitate</span> <span class='ocrx_word' id='word_1_189' title='bbox 587 1831 658 1880; x_wconf 73' lang='lat' dir='ltr'>fracti</span> <span class='ocrx_word' id='word_1_190' title='bbox 672 1833 831 1884; x_wconf 84' lang='lat' dir='ltr'>Macedonum</span> 
     </span>
     <span class='ocr_line' id='line_1_27' title="bbox 158 1897 831 1960; baseline 0.012 -19"><span class='ocrx_word' id='word_1_191' title='bbox 158 1897 233 1950; x_wconf 80' lang='lat' dir='ltr'>arinis,</span> <span class='ocrx_word' id='word_1_192' title='bbox 246 1902 350 1942; x_wconf 87' lang='lat' dir='ltr'>cernente</span> <span class='ocrx_word' id='word_1_193' title='bbox 364 1901 412 1940; x_wconf 87' lang='lat' dir='ltr'>tum</span> <span class='ocrx_word' id='word_1_194' title='bbox 429 1897 526 1944; x_wconf 86' lang='lat' dir='ltr'>maxime</span> <span class='ocrx_word' id='word_1_195' title='bbox 536 1913 605 1960; x_wconf 87' lang='lat' dir='ltr'>prope</span> <span class='ocrx_word' id='word_1_196' title='bbox 614 1897 726 1945; x_wconf 84' lang='lat' dir='ltr'>fumantes</span> <span class='ocrx_word' id='word_1_197' title='bbox 736 1897 831 1950; x_wconf 82' lang='lat' dir='ltr'>Theba-</span> 
     </span>
     <span class='ocr_line' id='line_1_28' title="bbox 159 1960 832 2030; baseline 0.015 -26"><span class='ocrx_word' id='word_1_198' title='bbox 159 1977 210 2010; x_wconf 86' lang='lat' dir='ltr'>rum</span> <span class='ocrx_word' id='word_1_199' title='bbox 226 1961 308 2013; x_wconf 89' lang='lat' dir='ltr'>ruinas,</span> <span class='ocrx_word' id='word_1_200' title='bbox 325 1960 452 2007; x_wconf 89' lang='lat' dir='ltr'>concionari</span> <span class='ocrx_word' id='word_1_201' title='bbox 463 1962 530 2010; x_wconf 87' lang='lat' dir='ltr'>libere</span> <span class='ocrx_word' id='word_1_202' title='bbox 543 1963 590 2008; x_wconf 86' lang='lat' dir='ltr'>ausi</span> <span class='ocrx_word' id='word_1_203' title='bbox 606 1964 650 2010; x_wconf 81' lang='lat' dir='ltr'>slat</span> <span class='ocrx_word' id='word_1_204' title='bbox 665 1964 777 2020; x_wconf 88' lang='lat' dir='ltr'>homines,</span> <span class='ocrx_word' id='word_1_205' title='bbox 796 1967 832 2030; x_wconf 90' lang='lat' dir='ltr'>(id</span> 
     </span>
     <span class='ocr_line' id='line_1_29' title="bbox 159 2025 833 2089; baseline 0.013 -17"><span class='ocrx_word' id='word_1_206' title='bbox 159 2026 222 2088; x_wconf 89' lang='lat' dir='ltr'>qnod</span> <span class='ocrx_word' id='word_1_207' title='bbox 232 2039 261 2072; x_wconf 89' lang='lat' dir='ltr'>ex</span> <span class='ocrx_word' id='word_1_208' title='bbox 271 2025 415 2071; x_wconf 85' lang='lat' dir='ltr'>monimentis</span> <span class='ocrx_word' id='word_1_209' title='bbox 426 2027 551 2073; x_wconf 87' lang='lat' dir='ltr'>orationum</span> <span class='ocrx_word' id='word_1_210' title='bbox 567 2025 639 2089; x_wconf 84' lang='lat' dir='ltr'>patet)</span> <span class='ocrx_word' id='word_1_211' title='bbox 654 2028 762 2076; x_wconf 87' lang='lat' dir='ltr'>adversus</span> <span class='ocrx_word' id='word_1_212' title='bbox 779 2047 833 2080; x_wconf 79' lang='lat' dir='ltr'>etun</span> 
     </span>
     <span class='ocr_line' id='line_1_30' title="bbox 161 2091 833 2151; baseline 0.009 -13"><span class='ocrx_word' id='word_1_213' title='bbox 161 2106 238 2138; x_wconf 82' lang='lat' dir='ltr'>nemo·</span> <span class='ocrx_word' id='word_1_214' title='bbox 250 2104 279 2136; x_wconf 86' lang='lat' dir='ltr'>ex</span> <span class='ocrx_word' id='word_1_215' title='bbox 301 2096 336 2135; x_wconf 90' lang='lat' dir='ltr'>tot</span> <span class='ocrx_word' id='word_1_216' title='bbox 353 2091 481 2151; x_wconf 89' lang='lat' dir='ltr'>proceribus</span> <span class='ocrx_word' id='word_1_217' title='bbox 502 2091 613 2140; x_wconf 88' lang='lat' dir='ltr'>Romanis</span> <span class='ocrx_word' id='word_1_218' title='bbox 634 2109 714 2140; x_wconf 88' lang='lat' dir='ltr'>vocem</span> <span class='ocrx_word' id='word_1_219' title='bbox 738 2095 833 2144; x_wconf 77' lang='lat' dir='ltr'>libatam</span> 
     </span>
     <span class='ocr_line' id='line_1_31' title="bbox 131 2151 834 2220; baseline 0.007 -17"><span class='ocrx_word' id='word_1_220' title='bbox 131 2202 134 2213; x_wconf 72' lang='grc'><em>,</em></span> <span class='ocrx_word' id='word_1_221' title='bbox 161 2158 271 2204; x_wconf 85' lang='lat' dir='ltr'>missurus</span> <span class='ocrx_word' id='word_1_222' title='bbox 289 2153 376 2201; x_wconf 81' lang='lat' dir='ltr'>fuerit?</span> <span class='ocrx_word' id='word_1_223' title='bbox 416 2155 560 2210; x_wconf 81' lang='lat' dir='ltr'>Quantalibet</span> <span class='ocrx_word' id='word_1_224' title='bbox 582 2151 714 2220; x_wconf 84' lang='lat' dir='ltr'>magnitudo</span> <span class='ocrx_word' id='word_1_225' title='bbox 732 2159 834 2208; x_wconf 87' lang='lat' dir='ltr'>bominis</span> 
     </span>
     <span class='ocr_line' id='line_1_32' title="bbox 129 2220 835 2285; baseline 0.007 -17"><span class='ocrx_word' id='word_1_226' title='bbox 129 2247 133 2256; x_wconf 55' lang='grc' dir='ltr'><em>ι</em></span> <span class='ocrx_word' id='word_1_227' title='bbox 161 2221 298 2283; x_wconf 86' lang='lat' dir='ltr'>concipiatur</span> <span class='ocrx_word' id='word_1_228' title='bbox 307 2220 389 2274; x_wconf 85' lang='lat' dir='ltr'>animo,</span> <span class='ocrx_word' id='word_1_229' title='bbox 401 2221 468 2268; x_wconf 90' lang='lat' dir='ltr'>unius</span> <span class='ocrx_word' id='word_1_230' title='bbox 476 2230 552 2269; x_wconf 88' lang='lat' dir='ltr'>tamen</span> <span class='ocrx_word' id='word_1_231' title='bbox 561 2237 587 2269; x_wconf 82' lang='lat' dir='ltr'>aa</span> <span class='ocrx_word' id='word_1_232' title='bbox 594 2223 725 2285; x_wconf 84' lang='lat' dir='ltr'>magnitudo</span> <span class='ocrx_word' id='word_1_233' title='bbox 733 2225 835 2274; x_wconf 82' lang='lat' dir='ltr'>bominis</span> 
     </span>
     <span class='ocr_line' id='line_1_33' title="bbox 162 2286 833 2348; baseline 0.006 -14"><span class='ocrx_word' id='word_1_234' title='bbox 162 2288 211 2340; x_wconf 82' lang='lat' dir='ltr'>erit,</span> <span class='ocrx_word' id='word_1_235' title='bbox 234 2286 328 2332; x_wconf 88' lang='lat' dir='ltr'>collecta</span> <span class='ocrx_word' id='word_1_236' title='bbox 342 2286 408 2347; x_wconf 87' lang='lat' dir='ltr'>paulo</span> <span class='ocrx_word' id='word_1_237' title='bbox 424 2287 474 2348; x_wconf 88' lang='lat' dir='ltr'>plus</span> <span class='ocrx_word' id='word_1_238' title='bbox 490 2287 566 2334; x_wconf 86' lang='lat' dir='ltr'>decem</span> <span class='ocrx_word' id='word_1_239' title='bbox 583 2303 692 2334; x_wconf 90' lang='lat' dir='ltr'>annorum</span> <span class='ocrx_word' id='word_1_240' title='bbox 708 2287 833 2348; x_wconf 58' lang='lat' dir='ltr'>ididam</span> 
     </span>
     <span class='ocr_line' id='line_1_34' title="bbox 162 2351 834 2414; baseline 0.006 -18"><span class='ocrx_word' id='word_1_241' title='bbox 162 2367 229 2413; x_wconf 87' lang='lat' dir='ltr'>quam</span> <span class='ocrx_word' id='word_1_242' title='bbox 239 2351 277 2411; x_wconf 87' lang='lat' dir='ltr'>qui</span> <span class='ocrx_word' id='word_1_243' title='bbox 288 2351 441 2404; x_wconf 77' lang='lat' dir='ltr'>eoextollunt,</span> <span class='ocrx_word' id='word_1_244' title='bbox 457 2352 516 2412; x_wconf 87' lang='lat' dir='ltr'>qnod</span> <span class='ocrx_word' id='word_1_245' title='bbox 531 2353 626 2414; x_wconf 89' lang='lat' dir='ltr'>populus</span> <span class='ocrx_word' id='word_1_246' title='bbox 643 2351 770 2412; x_wconf 82' lang='lat' dir='ltr'>Romanus,</span> <span class='ocrx_word' id='word_1_247' title='bbox 790 2355 834 2404; x_wconf 81' lang='lat' dir='ltr'>etri</span> 
     </span>
     <span class='ocr_line' id='line_1_35' title="bbox 162 2415 834 2477; baseline 0.01 -15"><span class='ocrx_word' id='word_1_248' title='bbox 162 2415 226 2462; x_wconf 90' lang='lat' dir='ltr'>nullo</span> <span class='ocrx_word' id='word_1_249' title='bbox 236 2415 302 2469; x_wconf 83' lang='lat' dir='ltr'>bello,</span> <span class='ocrx_word' id='word_1_250' title='bbox 313 2415 390 2462; x_wconf 86' lang='lat' dir='ltr'>multis</span> <span class='ocrx_word' id='word_1_251' title='bbox 398 2420 472 2462; x_wconf 80' lang='lat' dir='ltr'>tamen</span> <span class='ocrx_word' id='word_1_252' title='bbox 481 2416 564 2477; x_wconf 89' lang='lat' dir='ltr'>proeliis</span> <span class='ocrx_word' id='word_1_253' title='bbox 572 2418 645 2464; x_wconf 84' lang='lat' dir='ltr'>victus</span> <span class='ocrx_word' id='word_1_254' title='bbox 654 2419 690 2473; x_wconf 79' lang='lat' dir='ltr'>sit,</span> <span class='ocrx_word' id='word_1_255' title='bbox 699 2419 834 2470; x_wconf 81' lang='lat' dir='ltr'>Alexandro</span> 
     </span>
     <span class='ocr_line' id='line_1_36' title="bbox 163 2479 832 2541; baseline 0.01 -16"><span class='ocrx_word' id='word_1_256' title='bbox 163 2481 246 2526; x_wconf 88' lang='lat' dir='ltr'>nullius</span> <span class='ocrx_word' id='word_1_257' title='bbox 255 2492 339 2541; x_wconf 82' lang='lat' dir='ltr'>pugnae</span> <span class='ocrx_word' id='word_1_258' title='bbox 353 2495 399 2526; x_wconf 91' lang='lat' dir='ltr'>non</span> <span class='ocrx_word' id='word_1_259' title='bbox 417 2481 514 2526; x_wconf 63' lang='lat' dir='ltr'>munda</span> <span class='ocrx_word' id='word_1_260' title='bbox 530 2479 620 2528; x_wconf 82' lang='lat' dir='ltr'>fortuna</span> <span class='ocrx_word' id='word_1_261' title='bbox 637 2481 720 2540; x_wconf 77' lang='lat' dir='ltr'>fuerit3</span> <span class='ocrx_word' id='word_1_262' title='bbox 737 2499 785 2532; x_wconf 91' lang='lat' dir='ltr'>non</span> <span class='ocrx_word' id='word_1_263' title='bbox 795 2485 832 2532; x_wconf 88' lang='lat' dir='ltr'>in-</span> 
     </span>
    </p>
   </div>
   <div class='ocr_carea' id='block_1_5' title="bbox 68 2545 831 2610">
    <p class='ocr_par' dir='ltr' id='par_1_5' title="bbox 68 2545 831 2610">
     <span class='ocr_line' id='line_1_37' title="bbox 68 2545 831 2610; baseline 0.01 -22"><span class='ocrx_word' id='word_1_264' title='bbox 68 2554 70 2563; x_wconf 85' lang='grc'><strong>’</strong></span> <span class='ocrx_word' id='word_1_265' title='bbox 162 2545 273 2604; x_wconf 82' lang='lat' dir='ltr'>telligunt.</span> <span class='ocrx_word' id='word_1_266' title='bbox 291 2559 315 2590; x_wconf 88' lang='lat' dir='ltr'>se</span> <span class='ocrx_word' id='word_1_267' title='bbox 327 2545 423 2590; x_wconf 88' lang='lat' dir='ltr'>bominis</span> <span class='ocrx_word' id='word_1_268' title='bbox 434 2560 470 2590; x_wconf 86' lang='lat' dir='ltr'>res</span> <span class='ocrx_word' id='word_1_269' title='bbox 480 2552 563 2607; x_wconf 81' lang='lat' dir='ltr'>gestas,</span> <span class='ocrx_word' id='word_1_270' title='bbox 576 2554 599 2592; x_wconf 91' lang='lat' dir='ltr'>et</span> <span class='ocrx_word' id='word_1_271' title='bbox 609 2548 658 2608; x_wconf 88' lang='lat' dir='ltr'>ejus</span> <span class='ocrx_word' id='word_1_272' title='bbox 666 2549 765 2610; x_wconf 85' lang='lat' dir='ltr'>juvenis,</span> <span class='ocrx_word' id='word_1_273' title='bbox 778 2565 831 2596; x_wconf 87' lang='lat' dir='ltr'>cum</span> 
     </span>
    </p>
   </div>
   <div class='ocr_carea' id='block_1_6' title="bbox 158 2609 832 2672">
    <p class='ocr_par' dir='ltr' id='par_1_6' title="bbox 158 2609 832 2672">
     <span class='ocr_line' id='line_1_38' title="bbox 158 2609 832 2672; baseline 0.012 -17"><span class='ocrx_word' id='word_1_274' title='bbox 158 2609 238 2672; x_wconf 81' lang='lat' dir='ltr'>populi</span> <span class='ocrx_word' id='word_1_275' title='bbox 249 2609 297 2670; x_wconf 82' lang='lat' dir='ltr'>jam</span> <span class='ocrx_word' id='word_1_276' title='bbox 315 2609 525 2672; x_wconf 81' lang='lat' dir='ltr'>octingentesimum</span> <span class='ocrx_word' id='word_1_277' title='bbox 543 2611 645 2660; x_wconf 85' lang='lat' dir='ltr'>bellanb&#39;s</span> <span class='ocrx_word' id='word_1_278' title='bbox 658 2627 745 2660; x_wconf 84' lang='lat' dir='ltr'>annum</span> <span class='ocrx_word' id='word_1_279' title='bbox 765 2615 832 2664; x_wconf 86' lang='lat' dir='ltr'>rebus</span> 
     </span>
    </p>
   </div>
   <div class='ocr_carea' id='block_1_7' title="bbox 0 0 930 2950">
    <p class='ocr_par' dir='ltr' id='par_1_7' title="bbox 0 0 930 2950">
     <span class='ocr_line' id='line_1_39' title="bbox 0 0 930 2950; baseline 0 0"><span class='ocrx_word' id='word_1_280' title='bbox 0 0 930 2950; x_wconf 95' lang='lat' dir='ltr'> </span> 
     </span>
    </p>
   </div>
  </div>
 </body>
</html>
