1809 2950
132 197 139 218 r
159 167 207 211 406
267 165 295 212 T.
309 165 397 214 LIVII
413 166 467 216 Lis.
482 164 583 216 xxm
603 164 664 216 Car.
676 171 718 214 89.

157 293 251 356 legatos,
267 296 360 358 triginta
373 297 441 344 aare
452 298 480 344 ab
490 295 557 344 Ostit
565 295 691 343 Tarenmm
701 293 835 357 protem

153 359 275 420 jussusque
290 359 316 406 P.
328 360 439 414 Valerius,
457 363 563 408 militibus
578 360 733 414 Varronianis,
749 361 837 421 quibus

158 422 187 469 L.
199 424 309 486 Apustius
320 427 407 488 legatus
418 427 512 477 Tarenti
522 433 623 488 praeerat,
639 427 664 472 in
675 441 746 472 naves
756 426 838 486 impo-

158 489 213 543 sitis,
236 491 398 553 quinquaginta
418 493 509 545 narium
527 493 598 538 classe
616 505 663 537 non
681 491 743 537 tueri
760 489 836 536 modo

157 550 231 601 ltanae
243 571 312 608 oram,
330 557 368 602 sed
383 557 498 618 explorare
512 556 541 602 de
555 555 704 602 Macedonico
714 555 793 602 bdlo:
815 554 836 599 si

157 621 305 680 congruentia
315 621 384 668 literis
394 622 563 684 legatommque
572 621 658 667 indiciis
666 619 768 681 Philippi
776 634 837 664 con-
900 680 901 683 Ἴ

157 683 206 730 tilia
217 692 298 738 essent,
315 692 340 732 ut
355 685 391 732 M.
403 684 520 733 Valerium
533 693 652 747 praetorem
665 686 737 732 literis
748 685 836 730 certio-

158 763 205 797 rem
216 748 312 806 saeeret;
329 750 399 810 isque,
414 749 444 796 L.
455 751 554 812 Apustio
564 751 639 812 legato
649 750 760 796 exercitui
771 747 835 810 prae'·

156 813 237 872 posito,
247 813 370 860 Tarentum
381 815 409 860 ari
420 816 514 862 classem
524 815 644 877 profectas,
655 815 730 876 primo
740 828 834 874 quoqne

157 883 258 938 tempore
268 879 291 923 in
302 877 462 927 Macedoniam
469 881 642 927 transmitteret:
660 881 833 939 daretqnwpe·

157 955 211 993 ram,
228 948 254 987 nt
269 941 397 1005 Philippum
411 945 435 991 in
450 961 522 1008 regno
533 946 664 992 contineret.
689 943 795 990 Pecunia
803 943 833 989 ad

156 1005 250 1052 classem
262 1008 366 1054 tuendam
377 1010 505 1070 bellumque
516 1010 689 1056 Macedonicum
699 1024 728 1055 aa
739 1009 834 1054 leem

61 1103 65 1118 .
156 1077 197 1121 eat,
213 1086 265 1131 qnae
277 1073 321 1134 Ap.
334 1072 429 1122 Claudio
440 1075 464 1120 in
476 1075 573 1122 Siciliam
585 1075 655 1121 missa
668 1080 724 1126 emt,
741 1080 768 1120 nt
780 1073 833 1118 retl-

155 1133 245 1181 deretur
261 1136 357 1184 Hieroni
372 1141 433 1201 regi:
456 1155 483 1186 ea
496 1155 536 1201 per
551 1139 581 1185 L.
592 1139 713 1200 Aprutium
726 1139 831 1198 legatum

156 1197 281 1248 Tarentum
296 1209 331 1250 est
345 1203 450 1252 devecta:
471 1204 538 1251 simut
551 1206 579 1251 ab
594 1203 696 1250 Hierone
706 1203 778 1249 missa
789 1202 832 1248 du-

156 1271 222 1312 centa
232 1267 301 1314 millis
311 1269 411 1315 modirlm
423 1269 498 1322 tn'tiei,
510 1276 534 1315 et
543 1269 726 1316 bordeioentum.
900 1300 901 1307 κ

189 1329 315 1378 XXXIX.
335 1332 400 1380 Dum
411 1335 461 1380 haec
470 1334 569 1381 Romani
578 1341 656 1395 parant
664 1339 789 1395 aguntque,
800 1331 830 1378 ad

156 1392 284 1456 Philippum
304 1399 392 1458 captiva
410 1399 481 1451 navis,
501 1413 547 1445 una
562 1413 591 1445 ex
606 1399 641 1452 iis,
658 1414 711 1458 quse
727 1397 830 1443 Romam

155 1459 231 1507 missae
245 1467 317 1515 erant,
332 1478 362 1509 ex
376 1479 443 1511 cursu
454 1461 549 1525 refugitr
566 1463 622 1510 inde
633 1463 723 1517 scitum,
738 1462 829 1525 legatos

155 1539 207 1570 cunr
222 1526 291 1573 literis
307 1534 391 1589 captos.
418 1526 499 1589 Itaque
512 1530 605 1590 ignauis
620 1530 648 1575 de
660 1529 694 1582 iis,
711 1542 765 1588 qne
775 1542 829 1573 cnm

156 1572 284 1638 Hannibale
299 1592 380 1653 legatis
397 1593 442 1639 suis
459 1594 624 1654 convenissent,
637 1608 740 1653 quaeque
757 1592 829 1653 legeti

92 1656 97 1664 '
155 1654 203 1714 ejus
214 1655 242 1701 ad
253 1670 277 1701 se
288 1656 375 1705 allaturi
384 1657 486 1711 fuissent,
499 1658 635 1719 legationem
645 1659 710 1704 aliam
719 1672 772 1703 oram
783 1658 829 1703 cis·

155 1717 205 1765 dem
220 1720 330 1767 mandatis
344 1723 420 1769 mittit.
448 1722 532 1784 Legati
546 1723 575 1769 ad
590 1722 742 1769 Hannibalem
755 1722 825 1774 mittis

155 1780 292 1838 Heraclitus,
309 1787 345 1831 oni
356 1788 448 1833 Scotino
459 1802 587 1849 cognomen
597 1795 651 1840 erat,
667 1795 691 1833 et
701 1786 768 1834 Crito
778 1786 827 1832 Be·

154 1860 243 1900 roeaeus,
260 1856 283 1895 et
300 1850 416 1898 Sositheus
431 1851 538 1913 Magnes.
567 1851 601 1898 Hi
611 1867 716 1913 prospere
726 1851 827 1897 tulerunt

153 1924 180 1959 ao
191 1912 315 1959 retrrlernnt
325 1917 440 1963 mandata:
459 1917 566 1978 sedprius
574 1932 600 1963 se
608 1923 674 1963 aestas
684 1916 824 1976 circumegit,

153 1989 220 2033 quam
232 1991 323 2024 movere
333 1995 359 2025 ae
370 1981 442 2026 moliri
453 1982 574 2042 quidquam
585 1987 720 2043 rexposset:
737 1987 824 2025 tantam

154 2040 217 2086 navis
231 2056 276 2089 una
291 2050 355 2104 capte
370 2060 422 2091 oum
437 2046 518 2106 legatis
532 2047 639 2092 momenti
653 2046 713 2099 fecit,
730 2045 760 2091 ad
770 2044 823 2091 dils-

154 2105 238 2154 tionem
248 2106 384 2155 imminentis
396 2108 507 2157 Romanis
517 2112 576 2157 belli.
600 2110 633 2157 Et
644 2112 703 2157 ciros
713 2108 820 2171 Capuam,

154 2176 294 2233 transgresso
311 2172 450 2221 Vulturnum
471 2174 541 2221 Fabio
559 2184 611 2237 post
629 2177 718 2237 expiata
734 2174 822 2220 landen

153 2236 262 2297 prodigia,
272 2239 447 2287 amboconsules
455 2255 503 2287 rem
509 2242 622 2302 gerebant.
638 2239 820 2301 compulteriam.

137 2306 177 2349 ,et
191 2299 319 2356 Trebulam,
338 2312 361 2351 et
378 2305 506 2358 Saticulam,
524 2306 597 2358 urbes,
614 2320 665 2365 qnae
681 2306 710 2350 sd
725 2303 822 2349 Poennm

154 2363 287 2421 defecerant,
304 2367 387 2415 Fabius
401 2370 424 2417 vi
438 2370 510 2431 cepit3
527 2370 674 2431 praesidiaque
684 2371 707 2414 in
717 2370 745 2414 iis
756 2367 822 2413 Han·

153 2427 238 2482 nibalis,
256 2429 409 2494 Campannjue
419 2435 524 2495 permulti
534 2436 600 2495 eapti.
628 2434 661 2480 Et
674 2433 749 2486 Nolae,
765 2434 822 2478 sicot

152 2491 225 2555 priore
240 2508 307 2547 anno,
326 2506 416 2545 senatus
431 2498 595 2552 Romaoomm,
612 2500 675 2560 plebs
690 2496 822 2543 Hannibalis

151 2560 213 2600 erat:
233 2559 369 2619 consiliaque
381 2563 470 2608 occulta
484 2562 512 2608 tle
527 2563 589 2611 caede
600 2564 726 2625 principum
736 2569 760 2607 et
769 2577 822 2622 pro·

150 2612 235 2663 'litione
250 2622 310 2667 urhis
325 2625 444 2672 inibantur.
473 2626 562 2679 Quibus
575 2642 606 2673 ne
618 2628 707 2689 incepta
716 2626 821 2688 moneda-

187 2685 207 2732 'b
231 2682 289 2731 inter
309 2684 410 2748 Capuam
430 2697 547 2751 castraque
566 2690 708 2745 Haut-ts,
727 2706 780 2750 quaa
797 2690 820 2737 in
