1809 2950
206 157 337 210 T.1.1vl1
353 157 406 210 Lu.
419 159 479 208 vn.
498 160 611 210 Cur-17.
711 166 741 210 21

75 295 143 346 simu
160 288 247 344 ddnde,
263 290 300 336 ubi
311 289 388 336 consul
402 291 514 352 legatique
528 305 554 337 ac
567 291 648 338 tribuni
661 306 744 352 prato·

75 354 186 404 rum-ritu
201 368 258 400 vana
273 355 378 400 miracula
390 362 497 416 paventes
513 355 632 401 irridebant
644 355 745 417 increpa·

74 419 180 479 batque,
197 417 265 464 vertit
279 419 365 466 animos
380 426 472 480 repente
481 419 565 480 pudor;
583 426 606 466 et
616 420 640 464 in
650 435 677 466 ea
686 420 742 482 ipsa,

75 497 129 543 quaa
142 481 253 545 liugerant,
271 482 332 528 velut
342 485 397 530 caeci
408 485 506 530 ruebant.
542 483 653 530 Discussa
667 485 743 545 imque

75 561 136 594 rano
150 555 255 610 apparatu
270 547 373 601 hostium,
391 564 442 594 cum
457 549 481 593 in
495 549 555 609 ipsos
566 556 662 594 armatos
673 564 698 594 se
707 549 743 594 in-

75 612 186 666 tulissent,
198 619 325 658 averterunt
336 619 406 658 totam
417 613 494 666 aciem,
507 614 627 672 castrisque
636 613 705 658 etiam
715 629 744 660 eo

75 675 111 724 die
124 676 197 738 potiti,
214 674 290 738 praedi
299 677 386 740 ingenti
399 675 469 738 parit,
487 678 581 723 victores
595 684 742 730 reverterunt,

75 741 207 788 militaribus
216 741 275 804 jocis
290 758 340 789 cum
355 749 484 804 apparatum
494 742 598 794 hostium,
615 749 665 787 tum
676 757 743 788 suum

74 806 216 868 iumepsutes
223 821 334 868 pavorem·
354 805 486 856 Concitatur
496 807 574 853 deinde
582 821 649 852 omne
659 820 742 852 nornen

47 908 49 912 .
74 868 207 925 Etmscum,
230 879 260 924 et,
277 871 474 932 Tarquiniensibus
491 870 626 932 Faliscisque
642 871 742 925 ducibus,

2 941 3 970 l
74 935 103 980 ad
114 935 202 984 Salinas
212 937 349 998 pervertunt.
385 937 502 984 Adversus
512 952 563 982 eum
574 943 682 983 terrorem
696 935 743 982 dic·

75 1005 134 1048 ator
145 997 174 1048 C.
186 1000 287 1048 Marcius
297 1001 388 1048 Rutilus
398 1003 483 1064 primus
493 1001 521 1048 de
531 1001 593 1062 plebe
603 1001 682 1053 dictus,
694 1015 744 1046 ms-

74 1065 172 1176 ffimm
188 1065 293 1126 equitum,
311 1067 364 1112 item
379 1066 407 1112 de
421 1067 491 1128 plebe,
510 1064 538 1114 C.
550 1065 662 1112 Plautium
677 1065 740 1112 dixit·

118 1145 174 1176 vero
189 1129 292 1176 Patribus
304 1131 422 1194 indignum
437 1130 513 1184 videri,
530 1131 597 1177 etiam
612 1130 743 1176 dictaturam

69 1193 119 1256 jm
128 1194 154 1242 is
164 1196 290 1256 promiscuo
301 1211 362 1244 esse:
382 1197 487 1257 omnique
497 1211 539 1256 ope
548 1195 701 1256 impediebant,
714 1209 744 1242 ne

74 1258 129 1318 qu'd
138 1258 241 1308 dictatori
251 1261 279 1307 ad
289 1261 311 1306 id
320 1260 402 1307 bellum
412 1263 573 1314 decerneretur,
590 1266 741 1320 parareturre⁴

73 1321 113 1370 Eo
127 1324 237 1386 promtius
248 1332 334 1379 cuncta,
344 1325 431 1372 ferente
441 1327 554 1377 dictatore,
565 1325 660 1386 populus
665 1323 743 1384 jussit.

74 1385 195 1436 Profectus
213 1391 241 1436 ab
260 1389 329 1444 Urbe,
353 1389 445 1450 utrique
463 1398 526 1450 parte
543 1389 637 1441 Tiberis,
663 1387 746 1432 ratibus

74 1454 182 1507 mritis
200 1469 340 1515 quocumque
349 1453 409 1501 sama
419 1455 516 1501 hostium
525 1453 627 1519 ducebat,
643 1451 743 1512 trajecto,

74 1518 159 1567 multos
168 1520 309 1580 populatores
319 1535 425 1581 agrorum
436 1534 507 1579 vagos
518 1518 617 1577 palantes
625 1514 742 1576 oppressit·

75 1580 159 1630 casn
167 1598 263 1644 quoque,
276 1585 407 1645 necopinato
424 1596 551 1643 aggressus,
563 1581 636 1641 oepit3
648 1586 678 1632 et,
690 1585 744 1625 octo

74 1647 173 1695 millibus
192 1648 288 1695 bostium
307 1650 383 1709 captis,
408 1646 495 1693 caeteris
513 1652 551 1691 aut
569 1644 634 1691 caesis
657 1651 696 1691 aut
713 1658 744 1691 ex
784 1670 794 1683 ο

74 1726 131 1774 agro
139 1711 246 1761 Romano
255 1712 345 1774 fugatis,
358 1714 406 1759 sine
416 1710 546 1759 auctoritate
558 1708 657 1763 Patrum,
667 1709 743 1771 populi

2 1816 3 1833 r
68 1777 144 1838 juna
168 1778 318 1839 triumphavit.
354 1777 416 1831 Quis
433 1791 475 1823 nec
493 1790 533 1836 per
549 1775 678 1821 dictatorem
694 1775 743 1834 ple-
786 1776 789 1783 '

72 1841 155 1895 bdsun,
172 1857 215 1889 nec
231 1858 271 1903 per
287 1843 408 1896 consulem,
427 1841 516 1889 comitia
529 1838 653 1885 consularia
667 1839 742 1885 baberi

72 1906 185 1961 volebmt,
203 1914 226 1953 et
236 1907 291 1955 alter
300 1907 380 1953 consul
389 1906 472 1953 Fabius
482 1904 539 1959 bello
548 1904 688 1956 retinebatur,
706 1918 742 1951 res

73 1970 103 2019 ad
118 1970 272 2033 interregnum
288 1972 350 2019 redit.
386 1968 513 2031 Interreges
524 1968 627 2029 deinceps
644 1967 677 2021 Q,
691 1967 745 2013 Ser-

72 2034 142 2083 silius
156 2036 235 2089 Aha-la,
253 2036 289 2083 M·
308 2036 397 2089 Fabius,
417 2033 460 2083 Cn.
479 2034 587 2086 Manlius,
605 2031 634 2080 C.
653 2030 742 2087 Fabius,

73 2097 105 2149 C·
119 2098 238 2161 Sulpicius,
256 2098 285 2145 L.
299 2100 412 2153 AEmilius,
432 2098 464 2153 Q,
479 2099 591 2151 Servilius,
609 2096 646 2143 Μ.
661 2094 744 2142 Fabius

71 2164 207 2213 mumius·
235 2162 264 2210 Iu
272 2166 370 2214 secundo
378 2166 506 2227 interregno
517 2163 566 2209 orti
576 2161 690 2209 contentio
701 2168 742 2214 est,

70 2230 133 2290 quod
147 2229 194 2275 duo
207 2229 292 2291 patrimi
307 2230 409 2277 consules
424 2230 565 2277 creabantur:
585 2224 743 2273 intercedenti-

69 2295 158 2355 suaque
167 2294 268 2348 tribunis,
276 2295 374 2341 interrex
384 2294 466 2341 Fabius
477 2294 553 2345 aiebat,
562 2292 607 2335 “in
615 2287 743 2335 Duodecim

69 2356 166 2407 Tabulis
178 2359 253 2421 legem
268 2375 323 2413 esse,
342 2368 374 2413 ut,
392 2360 546 2420 quodcumque
555 2362 693 2417 postremum
703 2368 744 2427 po:

69 2423 138 2486 '¹¹⁰¹
152 2424 259 2478 'mimis
277 2424 299 2470 id
309 2426 348 2487 jus
359 2431 475 2485 ratumque
483 2429 558 2477 esset;
571 2421 659 2482 jussum
669 2417 744 2477 populi

70 2495 95 2537 ά
200 2488 205 2500 ’
231 2486 307 2535 estest
342 2487 403 2537 Cum
413 2485 569 2535 intercedendo
588 2481 669 2529 tribuni
689 2481 744 2527 nibil

70 2552 140 2608 iliud»
151 2568 219 2615 quam
229 2560 256 2599 ut
265 2550 483 2605 dffi'errentcomitia,
495 2550 629 2596 valuissent:
648 2547 693 2592 duo
703 2560 742 2607 pa·

71 2618 130 2669 ttlsii
145 2618 250 2669 camsiles
264 2618 333 2669 mesti
347 2626 405 2675 suut,
424 2614 452 2667 C·
468 2613 578 2677 Sulpicius
592 2611 684 2659 Peticus
697 2620 742 2659 ter·
