1809 2950
148 123 212 216 'ros¹
260 165 391 216 numu
408 165 460 213 us
475 163 576 214 xxm
596 164 710 215 cnse

160 297 252 360 segnius
267 298 350 345 bessum
368 303 441 355 esset:
459 295 568 359 campani
583 311 624 357 per
640 311 666 343 se
681 295 756 342 ndorti
777 303 836 342 aaut

160 378 208 408 rem
228 360 353 410 Cumanam
373 377 420 408 sue
438 361 528 407 ditionis
543 360 638 416 facere;‚
651 361 836 421 primcrsclliei-
898 390 900 402 .

161 433 242 480 tentes,
260 434 286 474 ut
295 429 323 474 ah
332 425 442 474 Romanis
452 424 583 472 deficerent:
603 424 641 471 ubi
650 425 675 470 id
683 440 766 486 perum
778 441 836 486 pro-

136 541 139 545 ,
161 492 234 544 cessit,
253 491 329 538 dolum
346 492 374 538 ad
390 490 509 552 capiendos
525 505 570 536 ece
584 497 721 550 comparant.
760 487 835 536 Cam-

161 556 224 618 panis
236 557 338 603 omnibus
353 563 434 602 statum
446 553 577 601 sacrificium
587 554 616 599 ud
627 553 731 600 Hamas:
751 569 781 599 eo
797 569 835 600 se-

163 627 241 668 natum
260 615 399 682 Carnpunm
414 626 534 665 venturum
548 619 654 664 certiores
666 616 789 665 Cumanos
799 617 836 664 fe·
898 676 899 679 Ἴ

162 693 254 732 cerunt:
279 686 438 746 petieruntque,
463 690 490 729 ut
510 690 534 729 et
553 680 670 730 Cumsnus
688 697 717 728 eo
737 691 834 729 senatus

160 749 247 803 veniret
254 749 282 794 ed
290 747 459 795 consultandum
467 747 622 800 communiter,
634 753 660 793 ut
667 747 761 793 eosdem
770 755 835 794 uter-

161 829 204 874 que
214 813 308 874 populus
322 812 394 858 socios
406 812 529 874 hostesque
538 812 640 857 haberet:
659 811 792 872 presidium
803 812 835 858 ihi

158 884 269 924 armatum
278 891 327 922 sese
334 875 453 929 habituros,
466 890 496 922 ne
505 876 559 936 quid
568 875 596 921 ab
605 875 713 922 Romuuo
724 875 833 924 Poenove

158 955 467 1066 >
483 940 751 1066 <eumne
760 940 832 1066 ce

160 1071 209 1118 rati.
245 1069 340 1117 Interim
350 1069 387 1116 lt.
399 1069 551 1130 Sempronius,
562 1069 642 1116 consul
651 1069 781 1123 Romanus,
793 1071 833 1117 Si-

157 1150 256 1188 nuessae,
268 1134 349 1196 quoad
359 1132 536 1180 ‘conveniendum
545 1133 603 1180 diem
611 1134 718 1187 edixerat,
727 1135 832 1180 exercitu

159 1203 262 1254 lustrato,
280 1207 430 1260 transgressus
445 1197 585 1244 Vulturnum
599 1197 691 1251 flumen,
708 1198 770 1244 circa
788 1198 832 1244 Li-
898 1244 899 1247 ,

160 1275 250 1314 semum
261 1272 333 1311 castra
342 1263 423 1326 posuit
459 1260 500 1315 Ibi,
517 1263 570 1323 quia
580 1263 651 1308 otiosa
662 1263 745 1308 stativs
755 1271 829 1316 erant,

120 1354 122 1361 ·
162 1331 239 1378 crebro
247 1328 363 1376 decurrere
373 1327 453 1386 milites
465 1327 565 1388 cogebat,
575 1334 601 1373 ut
610 1327 694 1373 tirones
705 1327 745 1390 (es
754 1328 828 1372 maxi-

162 1411 199 1442 ma
213 1409 265 1456 pars
279 1395 386 1440 volonum
401 1390 460 1449 eret)
471 1399 624 1438 assuescerent
634 1392 698 1453 signs
715 1392 789 1451 sequi,
805 1399 830 1438 et

160 1462 185 1507 in
202 1459 249 1507 acie
263 1455 385 1521 e'gnoscere
401 1455 489 1503 ordines
505 1471 571 1503 suos:
589 1457 648 1503 inter
661 1471 713 1516 quse
727 1457 829 1505 mxima

160 1527 232 1571 iuerat
248 1538 305 1570 cure
320 1523 377 1575 duci,
394 1521 469 1581 itaque
486 1520 567 1583 legatis
585 1521 723 1581 tribrmisque
740 1537 829 1583 praee.

159 1596 228 1651 perat,
248 1595 263 1617 “
272 1604 301 1635 ne
315 1602 359 1648 que
373 1586 512 1648 exprobratio
523 1586 626 1646 cuiquam
636 1586 719 1633 veteris
727 1585 829 1633 sortrmae

158 1652 290 1699 discordiam
305 1654 363 1698 inter
377 1650 465 1697 ordines
478 1657 575 1696 sereret:
594 1659 661 1697 vetus
670 1650 735 1696 miles
748 1652 825 1705 tironi,

158 1719 214 1765 liber
228 1717 311 1771 voloni,
321 1715 503 1774 sese'exaequari
514 1714 609 1762 sineret:
628 1729 708 1761 omnes
718 1716 774 1761 satis
784 1717 827 1761 hc-

158 1790 235 1829 nestos
250 1778 414 1841 generosdsque
428 1779 541 1831 ducerent,
558 1779 638 1839 quitus
652 1794 714 1826 erma
727 1794 768 1826 sus
778 1782 827 1842 rig-

158 1861 232 1905 naque
247 1845 343 1905 populus
357 1844 476 1891 Romanus
489 1844 649 1901 commisisset:
668 1859 720 1904 qua:
733 1843 825 1892 sonum

157 1910 269 1971 ec‘e‘gisset
279 1910 311 1954 its
319 1908 374 1961 fieri,
387 1907 488 1954 eamdem
498 1923 580 1969 cogere
590 1908 647 1955 tueri
657 1907 769 1954 iactum-'¹
786 1909 825 1957 Ee

157 1988 204 2021 non
218 1974 303 2035 majore
316 1969 370 2018 curi
384 1980 496 2033 praecepta
510 1974 537 2018 eb
551 1973 644 2019 ducibus
653 1980 714 2025 sunt,
731 1989 798 2033 quem
807 1990 823 2021 a

128 2038 131 2046 “
158 2038 263 2085 militibus
274 2038 404 2092 observata:
420 2037 526 2097 brevique
539 2034 602 2084 tanti
615 2036 734 2083 concordii
745 2039 821 2085 coau-

74 2135 82 2149 .
157 2110 220 2151 erant
231 2102 329 2148 omnium
341 2100 414 2153 animi,
433 2107 458 2146 ut
468 2116 538 2163 prope
546 2102 571 2147 in
582 2102 716 2148 oblivionen
726 2104 818 2156 veniret,

158 2166 202 2229 qui
216 2182 246 2214 ex
259 2166 385 2213 conditione
399 2164 492 2225 quisque
502 2172 561 2212 esset
572 2167 636 2212 miles
645 2166 725 2213 lactrrs.
759 2165 821 2214 Haec

157 2232 233 2295 egenti
252 2231 355 2279 Graccho
373 2230 442 2291 legati
462 2227 559 2277 Cumani
577 2228 714 2284 umulrunt,
736 2246 789 2292 quse
805 2248 821 2279 α

159 2296 279 2357 Campmris
292 2294 375 2357 legatio
389 2308 472 2357 paucos
486 2301 539 2340 ente
552 2294 600 2341 dles
612 2295 717 2348 venisset,
733 2296 821 2355 etquid

156 2362 184 2407 iis
198 2361 239 2421 ipsi
255 2358 426 2420 respondissent.
461 2357 572 2405 Triduum
582 2367 633 2421 post
643 2375 695 2405 eum
705 2359 764 2405 diem
773 2360 819 2406 fes-
898 2365 900 2373 ’

156 2432 205 2470 tum
221 2438 281 2469 esse:
301 2437 347 2468 non
362 2429 464 2469 senatum
479 2423 551 2469 scium
566 2439 656 2471 omnem
671 2424 700 2469 lui
710 2423 817 2479 sutrrnun,

156 2488 195 2533 md
203 2494 275 2532 castra
282 2486 348 2532 etiem
357 2494 379 2533 et
387 2487 508 2533 exercitum
520 2485 668 2549 Campanum.
694 2488 817 2545 Gracchus,

153 2548 344 2596 iussisossumenis
354 2552 428 2597 omnia
443 2566 473 2596 ex
486 2551 547 2611 agris
561 2553 585 2598 iu
600 2554 677 2599 urbem
686 2553 817 2608 censebere,

189 2626 278 2659 munere
288 2613 346 2659 intra
357 2630 439 2668 muros,
457 2616 510 2676 ipse,
526 2616 597 2676 pridie
612 2632 679 2677 quem
690 2624 771 2663 eruum
783 2633 819 2664 ss-
888 2649 900 2688 ¹

215 2675 260 2721 ‘um
272 2673 392 2738 Campanis
401 2686 467 2734 esset,
481 2676 566 2728 Cumas
573 2690 651 2755 movet
660 2688 739 2729 metra·
769 2681 820 2729 Hs-
866 2738 870 2744 .
