1809 2950
204 103 402 178 nuruum
417 129 518 180 xxm
537 129 648 182 cmc
715 138 766 187 ers
816 195 821 200 ,

96 275 143 308 sus.
180 257 766 325 Proeliahincpsrvsiuterurbemcostrequeet

95 325 158 374 vario
169 331 259 378 eventu,
270 324 366 382 fiebunt3
377 327 428 385 quis
439 325 506 393 duces
512 341 554 373 nec
559 328 675 388 probibere
680 345 765 390 pouoos

96 402 181 436 temere
190 397 344 451 provocantes,
354 405 395 436 nec
403 391 456 436 dere
463 391 553 452 signum
562 392 672 438 universae
679 408 764 455 pugnae

95 455 208 501 volebant.
243 452 272 501 ln
280 455 321 500 hsc
327 453 456 514 quotidiani
466 455 560 502 duorum
570 456 709 503 exercituum
717 461 764 506 'ets-

61 545 64 549 -
94 519 165 572 lione,
173 519 282 580 principes
290 516 431 568 Nolanorum
439 520 542 566 nuntient
547 520 665 574 Marcello,
676 529 692 551 ‘⁴
698 521 764 569 Noo-

82 591 163 630 ·turna
178 583 287 643 colloquia
301 583 360 630 inter
373 584 459 645 plebem
474 599 500 630 nc
511 583 597 631 Poenos
611 585 672 632 lieri:
691 586 764 633 stetu·

94 655 188 708 tumque
205 663 260 701 esse,
278 655 310 701 ut,
328 664 380 696 oum
396 648 502 696 Romans
517 650 576 696 scies
589 665 680 712 egressu
691 651 765 712 portis

93 713 143 766 iret,
156 711 313 774 impedimenta
322 728 399 760 eorum
410 729 436 760 ac
447 714 544 761 sarcinas
554 715 673 776 diriperent
679 732 688 773 ;
701 715 763 762 cleu-

92 777 173 824 derent
188 776 267 824 deinde
279 785 361 838 portas,
379 793 499 839 murosque
513 786 654 840 occuparent,
671 787 704 833 ut,
721 795 763 841 po·

92 848 167 889 tentes
182 857 256 888 rerum
272 857 361 888 suarum
376 849 442 903 etque
457 843 523 896 urbis,
541 842 640 890 Poenum
654 843 707 890 inde
720 851 762 906 pro

90 906 198 954 Romano
210 905 361 968 acciperent.”
395 906 456 954 Haec
471 907 507 954 ubi
522 909 622 955 nuntiate
632 916 685 955 sunt
695 908 762 956 Mar·

90 971 156 1025 cello,
174 970 303 1018 collaudatis
315 972 451 1018 senatoribus
463 971 565 1026 Nolanis,
582 973 710 1034 priusquam
719 974 762 1020 ali·

91 1037 143 1097 quis
156 1043 232 1082 motus
246 1037 306 1082 intus
320 1037 422 1090 oriretur,
438 1035 551 1082 fortunam
567 1052 651 1098 pugnae
665 1038 760 1099 experiri

90 1101 177 1148 statuit,
212 1100 251 1146 Ad
266 1107 312 1147 tres
327 1108 403 1162 portes
418 1101 442 1146 in
461 1101 537 1146 hostes
555 1116 631 1147 versas
650 1102 760 1163 tripartito

89 1165 214 1214 exercitum
222 1165 339 1212 instruxit:
352 1165 510 1226 impedimenta
520 1166 622 1225 subsequi
627 1165 707 1227 jussit:
723 1167 761 1214 ‹io-

88 1230 153 1278 lones
164 1230 264 1290 lixasque
275 1237 298 1276 et
307 1230 415 1276 invalidos
425 1230 507 1276 milites
514 1229 597 1276 vellum
604 1229 671 1276 serre.
705 1230 760 1278 Me·

88 1293 126 1341 uit
136 1293 202 1356 portis
209 1290 288 1341 robora
295 1295 409 1356 legionum
417 1301 439 1341 et
448 1294 565 1341 Romanos
573 1294 665 1354 equites,
674 1293 760 1345 drubus

88 1361 149 1406 circs
165 1360 236 1420 portis
254 1374 325 1406 novos
344 1359 432 1413 milites,
448 1358 565 1420 levemque
582 1366 715 1411 armaturam
732 1356 759 1407 uc

88 1424 201 1471 sociorum
217 1423 309 1485 equites,
327 1424 410 1470 statuit.
445 1423 535 1470 Nolsui.
547 1439 624 1470 muros
639 1430 760 1486 portusque

87 1490 149 1537 edire
160 1490 238 1547 vetiti;
255 1489 393 1550 subsidisque
407 1489 517 1535 destinate
526 1489 688 1551 impedimentis
698 1489 757 1543 dots,

86 1550 127 1667 r:
266 1555 349 1665 nr
359 1554 532 1665 uritur
542 1553 760 1666 unus

85 1684 160 1745 signis
171 1684 213 1747 (id,
228 1684 288 1743 quod
301 1634 438 1745 perpbiquot
452 1682 499 1729 dies
512 1680 606 1743 secent)
622 1682 651 1729 sd
660 1650 756 1729 mirltum

85 1748 131 1795 diei
150 1749 174 1807 iu
192 1749 240 1795 ocio
258 1748 332 1801 stanti,
348 1748 421 1809 primo
436 1748 543 1794 miraculo
562 1764 618 1801 esse,
635 1748 695 1808 quod
713 1763 757 1795 neo

84 1814 199 1861 exercitus
216 1812 333 1859 Romanus
349 1810 415 1874 porti
430 1812 580 1873 egrederetur,
598 1827 640 1859 neo
657 1820 757 1859 ernustus

85 1876 205 1939 quisq‘unm
219 1878 243 1923 iu
258 1878 327 1923 muris
338 1886 403 1923 esset.
438 1876 513 1923 Rstus
523 1877 602 1924 deinde
611 1877 698 1939 prodita
708 1877 757 1924 ool-

83 1942 162 2004 loquis
178 1958 234 1995 esse,
252 1949 356 2003 metuque
371 1941 453 1989 resides
467 1940 546 1995 suctos,
563 1948 649 2004 purtem
659 1942 756 1989 militum

82 2008 108 2054 in
125 2014 197 2053 oostrs
212 2007 311 2059 remittit,
324 2008 400 2069 jussos
415 2021 508 2069 propere
521 2014 649 2069 apparatum
664 2022 755 2063 omnem

86 2070 244 2134 oppugnandae
262 2072 322 2118 urbis
340 2072 363 2117 in
381 2071 475 2133 primum
494 2072 564 2118 scien
585 2070 677 2128 ufferr03
700 2068 756 2117 setis

84 2136 164 2190 fidens,
183 2136 201 2183 si
212 2137 366 2183 cunctantibus
376 2137 475 2189 instaret,
493 2137 614 2182 mmultum
624 2134 719 2195 aliquem
729 2136 755 2181 in
839 2188 842 2193 ¹

83 2202 140 2248 urbe
154 2200 240 2263 plebem
255 2208 372 2247 moturum.
407 2200 473 2247 Dum
487 2200 511 2245 in
526 2215 566 2245 sua
580 2199 674 2260 quisque
687 2198 755 2244 mini·

82 2266 151 2327 sterio
159 2265 259 2311 discursu
267 2266 361 2327 trepidat
371 2266 481 2327 adprime
490 2265 562 2326 signo,
574 2262 715 2323 succeditque
725 2263 755 2310 ed

83 2344 164 2393 muros¹
172 2332 238 2384 ecies,
250 2328 359 2392 patefacti
370 2337 461 2393 repente
470 2326 541 2390 porti,
553 2327 677 2374 Marcellus
688 2327 754 2389 signu

82 2410 170 2449 uenere,
189 2394 351 2455 clamoremque
362 2396 416 2447 tolli,
428 2408 456 2441 sc
466 2394 550 2455 pedites
557 2393 660 2453 primum,
673 2392 753 2439 deinde

83 2460 178 2521 equites,
195 2468 279 2520 quanto
293 2461 391 2507 maximo
405 2465 498 2521 possent
514 2458 605 2519 impetu,
622 2457 647 2504 in
662 2457 752 2503 hostem

81 2606 148 2703 {rius
159 2653 256 2703 macor
266 2660 290 2705 et
301 2652 329 2705 C.
340 2654 447 2703 Aurelius
453 2653 523 2717 legati
530 2653 554 2701 iu
562 2666 646 2701 cornus
652 2651 750 2701 bostium
