1809 2950
197 155 228 214 'A
240 162 326 214 L1v11
341 149 393 214 'In
408 161 480 214 xxt.
498 155 612 215 erret.
682 162 730 216 'ssi

70 281 192 341 moretur?
204 292 296 356 cepisse
302 295 412 356 quondum
420 294 500 342 Gallos
508 309 541 347 es,
550 308 601 355 quae
609 293 662 340 adiri
669 311 737 356 posse

69 359 161 406 Poenus
171 360 278 420 desperet.
312 358 410 405 Proinde
420 365 458 403 sut
469 358 572 404 cederent
585 359 658 404 animo
669 366 734 419 atque

69 423 156 469 virtue
171 423 241 484 genti,
258 438 298 484 per
313 439 352 470 eos
368 423 415 469 dies
428 422 495 468 toties
514 423 542 468 sb
560 437 584 468 se
600 422 679 479 victae;
696 429 734 468 sut

69 486 158 533 itineris
173 487 241 533 tinem
259 495 348 548 sperent
361 501 464 548 campum
478 487 644 548 iuterjtscentem
658 485 734 533 Tiberi

70 565 97 596 ec
107 551 220 605 moeurbus
231 550 366 597 Romsnis.”
714 577 717 588 ·

103 613 204 660 xxxi.
224 614 269 661 His
279 615 465 661 adhoruuombus
479 615 582 661 incitatos
592 629 684 676 corpora
694 629 734 660 cu-

70 691 128 730 rere,
145 686 213 739 etque
228 679 257 724 sd
274 679 318 724 iter
334 695 359 725 se
374 694 457 740 perure,
470 680 540 741 jubet.
576 677 670 725 Postero
689 679 731 732 die,

70 741 184 803 protectus
195 740 287 788 adversi
297 741 344 804 ripsi
353 743 464 795 Rhodani,
481 744 640 790 mediterrsnes
651 743 735 790 Gallie

69 806 140 866 petit:
158 820 206 852 non
216 807 267 866 quis
277 808 357 853 rectior
366 808 394 853 ed
402 807 471 867 Alpes
482 808 518 854 via
528 814 593 860 esset,
605 807 650 860 sed,
663 821 735 868 qusn-

71 877 119 916 tum
130 871 210 916 ernsri
221 872 353 924 recessisset,
364 873 438 916 minus
449 871 537 916 obvium
548 871 595 916 fore
603 871 733 918 Romanurn

70 934 162 980 credens
168 951 178 991 ;
194 949 246 980 cum
256 950 309 994 quo,
325 936 451 995 priusquam
462 935 485 980 in
498 933 583 980 Italiam
594 943 685 982 ventum
696 935 733 980 fo-

69 1005 111 1050 ret,
134 1012 182 1044 non
198 1005 245 1044 eret
260 999 284 1042 in
299 999 373 1044 animo
388 1013 467 1043 munus
484 1012 604 1044 conserere.
640 999 733 1052 Quartis

70 1061 147 1108 castris
160 1061 191 1106 sd
204 1060 305 1106 Insulam
318 1062 430 1122 pervenit:
448 1061 478 1105 ibi
493 1061 552 1108 Arar
567 1061 732 1123 Rhodanusque

70 1139 153 1177 mnes,
179 1125 270 1171 diversis
291 1139 321 1170 ex
339 1124 432 1184 Alpibus
451 1124 599 1176 decurrentes,
622 1128 669 1186 egri
690 1128 734 1173 ali.

69 1196 178 1249 querutum
188 1189 290 1249 unplexi,
308 1187 423 1234 confluunt
432 1188 456 1232 iu
468 1202 543 1233 unum.
578 1187 660 1238 Mediis
671 1205 734 1237 cem.

68 1253 104 1314 pie
119 1251 207 1298 lnsulae
224 1266 305 1297 nomen
321 1252 422 1298 inditum.
458 1251 563 1298 Incolunt
580 1267 647 1314 prope
666 1255 733 1300 Allo·

68 1445 209 1507 smbigebsnt
224 1444 314 1493 imtres:
333 1447 410 1508 msj0r,
427 1452 451 1491 et
465 1444 502 1504 qui
514 1445 574 1505 prius
589 1441 730 1505 imperitirst,

69 1508 172 1556 Braneus
182 1510 280 1563 nomine,
296 1511 382 1556 minore
391 1511 418 1555 sb
428 1508 496 1554 fratre
506 1515 528 1554 et
542 1515 601 1553 coetu
608 1508 730 1569 juniorum,

69 1575 106 1635 qui
112 1575 165 1636 jure
176 1575 257 1627 minus,
274 1575 297 1619 vi
306 1574 356 1635 plus
366 1579 475 1635 poterunt,
493 1570 619 1633 pellebatur.
654 1570 732 1633 Hujus

69 1639 183 1685 seditionis
201 1645 364 1699 peropportuna
381 1637 509 1698 disceptatio
526 1650 576 1680 curn
594 1634 622 1681 sd
641 1633 732 1681 Hunni·

69 1703 141 1750 belem
160 1703 242 1763 rejecta
258 1710 324 1755 esset,
347 1702 427 1747 arbiter
446 1700 509 1761 regni
527 1698 605 1752 suctus,
627 1700 686 1759 quod
704 1715 734 1747 ee

69 1767 160 1813 seusttls
170 1766 336 1827 principumque
347 1766 455 1811 sententis
464 1764 542 1816 suerat,
555 1764 671 1825 imperium
682 1778 731 1811 rnu-

66 1830 109 1893 jori
127 1830 231 1876 restituit.
266 1830 302 1876 Ob
320 1830 342 1875 id
360 1830 463 1875 meritssn
483 1836 606 1875 commeatu
625 1826 733 1890 copiisque

70 1910 144 1941 rerum
163 1894 270 1946 omnium,
292 1894 388 1940 maxime
405 1894 480 1946 vestis,
500 1900 534 1940 est
552 1893 646 1955 adjutus,
664 1908 731 1955 qusrn

69 1958 162 2005 infirmes
171 1958 291 2019 frigoribus
301 1958 371 2019 Alpes
381 1958 497 2018 prepared
509 1958 629 2019 cogebant..
643 1958 730 2005 Sedstis

69 2022 225 2069 certaminibus
244 2022 397 2083 Allobrogum,
415 2037 466 2067 cum
481 2023 527 2083 jam
547 2022 616 2083 Alpes
634 2030 737 2089 peteret,¹

68 2101 113 2133 non
133 2084 195 2131 recti
211 2086 301 2147 regione
318 2086 361 2131 iter
378 2086 487 2141 instituit;
504 2086 542 2131 sed
560 2086 588 2132 sd
605 2085 685 2131 laevam
704 2086 727 2131 in

67 2150 206 2197 Tricastinos
221 2148 297 2206 flexit3
314 2150 365 2195 inde
379 2165 417 2210 per
431 2157 553 2196 extremam
564 2164 624 2195 orem
636 2148 730 2194 Vocon-

67 2215 150 2261 tiorum
209 2214 214 2225 '
232 2214 326 2260 tetendit
336 2214 360 2258 in
370 2212 483 2260 Tricorios
489 2230 497 2271 3
514 2213 572 2258 haud
583 2226 674 2269 usquam
685 2212 727 2256 irn-

109 2279 115 2289 ‘
127 2276 136 2292 ⁴
167 2278 173 2289 ”
206 2278 331 2339 priusquam
342 2278 370 2323 ad
380 2276 514 2323 Druentiam
524 2275 608 2321 flumen
618 2274 725 2333 peruenit.

66 2278 574 2452 Η

67 2470 115 2518 rim
123 2470 192 2516 vehet
201 2469 323 2531 ingentem,
340 2484 385 2514 non
396 2478 470 2515 temen
481 2466 570 2511 navium
581 2463 665 2525 petiens
676 2470 723 2509 est:

68 2534 120 2594 quis
130 2534 197 2579 nullis
207 2532 316 2579 coercitus
326 2534 384 2594 ripis,
401 2532 500 2594 pluribus
514 2528 586 2581 simul,
605 2540 675 2585 neque
689 2526 736 2572 iis-'

68 2598 118 2643 dem
129 2596 199 2644 alveis
212 2596 291 2650 fluens,
308 2611 368 2642 nova
379 2610 466 2656 semper
479 2593 536 2639 vada
549 2605 664 2650 novosque
672 2605 728 2651 gur-

66 2662 126 2725 gites
135 2661 227 2717 ueiens,
245 2662 280 2725 (et
289 2661 318 2708 ob
327 2660 403 2709 eudem
417 2657 485 2723 pediti
499 2671 585 2719 quoque
599 2655 681 2702 incerte
692 2654 729 2702 ris
