1809 2950
182 166 231 210 mo
313 160 460 210 .T.n1vl1
478 147 574 210 Laii
593 161 703 212 ctase

178 289 249 353 iongo
262 291 358 353 agmine,
375 307 416 339 nec
430 291 559 346 continenti,
575 293 650 338 moesti
664 306 690 338 ac
703 305 773 354 prope
785 290 834 337 victi

179 357 302 417 procedunt
314 357 419 403 adversus
429 359 523 410 hostem,
541 372 582 402 nec
592 371 637 417 spe
655 371 696 401 nec
706 356 781 401 snimo
790 369 835 400 eer-

179 420 266 466 tiorem·
302 418 380 480 Itaque
391 421 456 466 simul
466 429 582 482 conspecta
593 427 644 466 sunt
654 420 759 466 Romana
767 420 833 480 signs.

180 485 292 546 extempio
302 501 316 530 s
329 485 400 545 primo
415 485 545 552 Sampitium
557 484 645 546 agmine
655 484 683 529 sd
693 484 835 528 novissimum

178 547 280 594 fremitus
293 547 407 609 perfertur,
425 549 502 602 Exire,
517 549 541 594 id
554 548 613 608 quod
622 549 745 600 timuerint,
760 545 788 592 sd
798 547 837 592 im-

179 613 310 674 pediffldum
329 613 371 657 iter
388 613 511 658 Romanos.
552 611 643 658 Nullam
661 611 714 656 inde
732 626 760 657 ne
778 610 837 671 fugae

179 677 269 736 quidem
277 683 353 736 patere
360 676 418 721 vium
427 694 433 721 :
445 677 541 721 illoioco
549 683 587 722 aut
594 675 716 721 cadendum
725 689 781 728 esse,
793 681 835 726 sut,

180 741 254 786 stratis
263 739 369 791 hosnius,
380 754 419 799 per
429 754 522 800 corpora
532 754 607 785 eorum
618 739 762 785 evadendum.

134 806 137 810 '
213 800 334 848 XXXVI.
357 801 385 847 In
403 804 476 849 medio
495 804 590 850 sarcinas
609 803 743 864 conjiciunt;
762 802 839 848 armati

178 867 225 913 suis
235 866 327 925 quisquc
336 866 447 912 ordinibus
454 868 569 913 instruunt*
576 868 652 912 aciem.
671 866 724 914 Jam
732 867 838 928 exiguum

179 932 236 977 inter
246 931 300 976 duas
310 930 368 976 acies
377 939 425 977 erat
435 933 535 992 spatium,
548 937 570 976 et
581 932 667 978 stabant
677 937 837 991 exspectantes,

178 995 231 1040 dum
242 996 269 1040 sb
279 995 378 1040 hostibus
384 995 445 1056 pn'us
452 995 554 1056 impetus,
566 997 627 1056 prius
634 995 717 1040 clamor
725 995 837 1055 inciperet·

179 1057 272 1104 Neutris
283 1059 369 1105 animus
379 1060 448 1105 estsd
456 1060 610 1121 pugnandum:
625 1059 749 1118 diversique
756 1058 840 1119 integri

178 1130 245 1183 atque
258 1123 335 1168 intacti
348 1124 450 1176 abissent,
466 1124 489 1168 ui
503 1123 589 1170 cedenti
602 1123 733 1169 instaturum
745 1123 839 1168 alterum

179 1187 309 1233 timuissent
332 1185 377 1233 soe
385 1188 616 1248 sponteinterinritos
624 1187 840 1249 tergiversantesque

179 1251 254 1312 segnis
267 1265 350 1312 pugna,
365 1252 461 1298 clamore
474 1253 558 1298 incerto
573 1259 640 1312 atque
653 1251 738 1312 impuri,
753 1251 838 1312 erepit:

179 1331 220 1360 nec
231 1316 325 1376 vestigio
336 1316 449 1376 quisquam
460 1316 594 1362 movebatur·
629 1314 689 1361 Tum
700 1315 780 1361 consul
791 1313 840 1360 Ro·

178 1395 264 1433 manus,
274 1387 299 1425 ut
307 1394 353 1425 rem
361 1380 473 1433 excitaret,
485 1381 583 1440 equitum
593 1394 673 1441 psucas
684 1387 770 1427 turmas
777 1385 841 1426 extra

178 1443 277 1491 ordinem
292 1444 394 1491 immisitt
415 1460 508 1506 quorum
527 1460 578 1491 curn
595 1445 692 1506 plerique
708 1443 792 1505 delapsi
810 1457 840 1489 ex

178 1510 241 1569 equis
254 1517 335 1562 essent,
350 1517 373 1556 et
383 1510 419 1556 aui
429 1510 523 1566 mrbati3
540 1516 563 1555 et
573 1511 600 1557 ab
611 1508 743 1556 Samnitium
753 1508 803 1555 scie
811 1508 841 1554 ad

178 1638 206 1683 ob
216 1637 325 1683 Romanis
338 1654 468 1698 procursum
483 1646 523 1685 est.
557 1637 614 1683 Inde
627 1638 739 1697 paululum
754 1638 841 1683 irritata

177 1715 253 1761 pugna
263 1707 304 1753 est,
316 1701 355 1746 sed
364 1703 475 1763 eliquanto
489 1710 512 1749 et
525 1704 619 1764 impigre
632 1702 710 1762 magis,
727 1708 750 1747 et
764 1702 840 1763 plures

176 1772 330 1825 procurrerant
345 1766 468 1812 Samnites:
490 1775 512 1812 et
530 1768 629 1813 turbatus
647 1780 775 1827 equessua
791 1766 841 1826 ipse

177 1827 272 1873 subsidia
281 1828 362 1873 territis
372 1830 434 1889 equis
444 1831 585 1891 proculcavit.
621 1828 683 1875 Hinc
696 1829 751 1891 fuga
766 1834 841 1890 coepts

176 1897 246 1936 totam
257 1891 336 1937 avertit
346 1893 414 1939 eciem
426 1894 558 1941 Romanam.
592 1894 688 1954 Jamque
696 1893 720 1939 in
731 1900 795 1955 terga
802 1893 839 1939 i'u-

176 1954 284 2015 gientium
293 1955 403 2001 Samnites
410 1960 544 2018 pugnabunt,
557 1974 608 2004 cum
617 1958 700 2011 consui,
713 1966 772 2019 e'quo
779 1973 838 2019 prse-

176 2026 253 2065 vectus
268 2019 296 2064 sd
308 2027 395 2079 portam
410 2030 539 2075 castrorum,
554 2038 581 2069 nc
595 2022 797 2081 stationeequitum
807 2022 837 2067 ibi

175 2080 282 2143 opposita
300 2083 421 2144 edictoque,
441 2093 473 2139 ut,
493 2088 624 2147 quicumque
642 2087 669 2133 ati
685 2086 773 2137 vultum
788 2093 838 2131 ten-

176 2148 243 2199 deret,
254 2148 300 2198 sire
310 2144 347 2193 ille
354 2148 478 2203 Romanus,
491 2152 537 2197 sive
549 2151 635 2211 Samnis
646 2157 711 2203 esset,
720 2166 762 2211 pro
773 2150 838 2195 hoste

175 2201 357 2269 heberent'sshaec
367 2213 416 2273 ipss
423 2214 534 2269 minitans,
547 2215 631 2261 obstitit
639 2214 729 2275 profuse
743 2214 837 2260 tenden-

174 2276 232 2322 tious
240 2277 286 2338 suis
295 2277 318 2321 in
329 2284 406 2323 castra.
443 2285 459 2307 ‘⁴
468 2277 521 2331 Quo
529 2277 629 2339 pergis,”
639 2278 718 2337 inquit,
732 2284 747 2307 ‘¹
755 2278 837 2323 miles?

174 2347 197 2385 et
207 2340 243 2385 hte
253 2355 314 2385 arms
324 2347 347 2385 et
356 2342 416 2387 viros
430 2341 542 2388 iuvenies:
559 2358 606 2394 nec,
622 2342 674 2388 vivo
685 2342 778 2389 consule
788 2350 835 2394 tuo,

175 2403 217 2447 nisi
229 2403 307 2457 victor,
324 2412 395 2450 esstrs
404 2406 501 2451 intrabis.
537 2405 634 2452 Proinde
643 2406 709 2467 elige,
723 2418 777 2451 cutn
787 2406 837 2452 cire

173 2480 202 2510 sn
221 2466 285 2512 hoste
304 2482 404 2529 pugnare
423 2468 514 2514 malis.’'
547 2470 606 2516 Haec
628 2470 715 2515 dicente
735 2470 834 2521 consule,

172 2528 257 2587 equites
263 2529 349 2576 infestis
356 2532 481 2592 cuspidibus
486 2533 697 2585 circumiisnduntur,
707 2534 836 2595 scpeditem

173 2589 196 2633 in
203 2605 303 2665 pugnem
311 2594 470 2670 retiirejuisent⁴
490 2595 545 2641 Non
554 2598 623 2643 virtus
631 2596 703 2643 solum
712 2597 834 2648 consciens,

173 2651 265 2699 sediors
274 2662 340 2702 etiarn
350 2657 433 2719 stiJumt
439 2674 448 2715 ;
459 2660 518 2719 quod
526 2674 570 2706 non
578 2660 706 2709 institerunt
714 2661 834 2731 Sqrnnites,

886 1417 887 1485 i

178 1574 333 1634 opprimendos
348 1575 438 1635 eosqui
453 1574 581 1626 ceciderant,
598 1570 622 1619 etv
634 1573 661 1620 ad
676 1588 729 1619 suos
742 1572 840 1621 tuendos

886 2258 887 2291 i
