1809 2950
216 149 347 203 emvn
363 147 530 200 naxmn.
549 123 647 202 mer
717 153 766 201 sor

99 281 210 336 dominos,
228 279 768 358 etexAlrioietaCsrthaginejurspetereot

99 345 190 394 Itaiimn
207 345 357 394 Numidarum
373 363 399 394 ao
416 347 550 394 Maurorum
568 348 614 410 pati
629 346 768 409 provinciam

98 411 280 526 nertin
280 410 767 556 millii-imm

97 541 225 602 imperium,
243 539 320 587 vestri
336 541 386 595 lide,
404 542 485 588 vestris
503 541 593 594 monos,
610 548 722 588 retentum
740 555 768 587 so

97 612 259 667 recuperatum
267 621 323 652 esse.
357 605 656 668 Trignntamiiliapeditum,
672 611 769 666 quotuor

97 670 208 730 equitnm,
220 671 313 717 arbitror
327 685 356 717 ex
367 669 491 733 Campanii
500 671 565 718 scribi
574 685 654 732 posse·
668 671 717 732 jam
727 685 768 731 pe·

98 735 174 782 onniae
191 733 275 781 affatim
293 742 329 781 est
344 735 501 796 immeritique.
537 736 562 783 si
574 751 653 797 parem
669 734 768 785 fortunae

97 805 182 848 vestrae
192 797 258 846 fidem
269 800 360 854 habetis,
377 815 418 847 neo
428 800 543 847 Hannriml
553 815 577 846 se
587 801 668 847 vicisse
677 799 768 854 sentiet,

97 877 142 910 neo
153 863 252 911 Romani
262 865 334 910 victos
344 863 419 912 esse·”

100 925 178 972 ·.VI
197 926 250 975 Hae
261 929 361 977 oratione
371 930 469 976 consulis
478 929 574 976 dimissis
584 880 770 990 redeuntibusqne
791 946 795 956 ·

100 992 193 1040 domum
204 991 290 1054 legatis,
308 995 449 1047 nnusexiis,
468 993 548 1040 tonus
559 993 680 1048 Ψιιιιιιι,ί
682 992 769 1041 ⁴·Tem

98 1072 143 1120 pus
153 1056 257 1110 venisse‚'
260 1055 355 1112 'ait“
363 1074 407 1119 qno
420 1057 530 1120 Campani
540 1072 586 1103 non
596 1073 676 1119 agrurn
687 1058 768 1112 solnm,

100 1123 129 1169 ab
143 1120 255 1168 Romanis
268 1123 379 1183 qnondam
393 1139 433 1184 per
449 1123 551 1186 injuriam
567 1122 687 1176 ademtam,
705 1138 770 1168 reon-

99 1199 185 1249 perare,
198 1185 237 1232 sed
246 1186 338 1249 imperio
348 1188 415 1234 etiam
425 1185 500 1234 Italiae
509 1187 576 1250 potiri
586 1187 679 1247 possint
714 1185 770 1233 Foe-

100 1251 144 1298 rlns
155 1251 214 1298 enim
225 1265 276 1297 oum
292 1251 424 1306 Hannibale,
442 1253 523 1313 qmlrus
532 1252 603 1299 velint
612 1250 706 1312 legibus,
723 1249 770 1298 sso-

102 1323 181 1363 turos:
205 1330 278 1376 neque
296 1318 469 1363 controversiam
487 1316 543 1371 fore,
566 1317 627 1377 quin,
652 1330 704 1360 oum
721 1315 771 1376 ipae

102 1378 206 1428 oonfeoto
221 1381 279 1426 bello
294 1379 408 1428 Hannibnl
424 1382 533 1427 victorin
550 1379 651 1427 Africam
668 1379 768 1433 decedet,

102 1445 269 1506 exercitumque
287 1445 396 1507 deportet
420 1443 494 1493 Itaiiae
511 1445 634 1507 imperium
648 1443 770 1507 Campanis

100 1508 264 1572 relinquatur.”
299 1510 359 1557 Haec
376 1511 452 1559 Virrio
468 1511 568 1572 loquenti
584 1510 669 1557 assensi
682 1523 769 1564 omnes,

101 1576 134 1626 ita
151 1575 278 1623 renuntiant
293 1574 435 1637 legationem,
453 1576 486 1622 uti
503 1576 601 1622 deletum
618 1574 721 1621 ommim
734 1573 770 1624 ri·

102 1640 193 1687 deretur
206 1654 288 1687 nomen
303 1640 439 1689 Romanum.
475 1639 598 1701 Extemplo
607 1640 682 1701 plebes
692 1638 721 1687 ad
731 1638 771 1690 de·

100 1704 229 1757 sonnonem,
241 1720 267 1751 ao
277 1720 328 1766 pars
339 1707 409 1769 msjor
423 1706 522 1759 senatis,
538 1711 650 1766 spectare:
670 1709 770 1755 extracta

101 1776 186 1822 tamen,
203 1770 369 1816 auetoritatibus
386 1770 505 1824 seniorum,
522 1785 659 1831 perpaucos
673 1769 721 1816 dies
735 1776 771 1817 est

101 1848 151 1881 res:
165 1840 278 1895 postremo
289 1834 343 1879 vicit
352 1835 570 1897 sententiaplurium,
580 1843 606 1881 ut
616 1834 682 1881 iidem
692 1834 770 1896 legati,

101 1898 140 1961 qui
156 1897 186 1945 nd
204 1897 318 1944 consulem
335 1898 465 1946 Romanurn
481 1900 559 1953 ierant,
576 1900 605 1946 ad
619 1899 770 1947 Hannonem

100 1964 250 2011 mitterentur.
286 1961 340 2016 Quo
352 1964 481 2025 prinsquam
494 1964 572 2017 iretur,
589 1972 719 2024 oertnmque
732 1963 772 2015 do-

100 2026 206 2076 feotionis
222 2026 339 2073 eonsilium
357 2036 422 2083 esset,
439 2028 538 2075 Romam
557 2028 644 2090 legatos
659 2029 742 2074 missos
757 2042 772 2075 ι

100 2090 234 2153 campanis,
256 2092 279 2137 in
297 2092 426 2153 qmbusdam
444 2093 582 2140 annalibus'
576 2093 672 2145 moenio,
692 2099 771 2153 postu-

100 2156 182 2209 lantes,
200 2163 225 2203 ut
240 2156 296 2203 alter
309 2156 387 2205 consul
398 2156 499 2219 campan
500 2172 527 2203 us
540 2156 610 2209 fieret,
628 2157 647 2201 si
661 2170 709 2201 rem
719 2155 771 2201 Ro-

101 2236 193 2269 manam
201 2220 299 2284 adjuvari
307 2221 402 2269 vellent·
416 2222 569 2283 indignatione
579 2216 635 2273 orti,
645 2220 772 2270 submoveri

100 2282 205 2347 scuria-j
208 2300 271 2333 assos
282 2300 343 2333 esse:
363 2286 618 2346 missumqaeliotorem,
630 2298 667 2344 qm
660 2284 772 2331 'exurbe

101 2302 208 2398 educerei
224 2366 270 2405 eos,
287 2358 353 2412 atque
370 2366 397 2398 eo
414 2351 450 2397 die
465 2364 556 2396 manere
571 2355 635 2395 extra
650 2347 706 2394 lines
720 2347 771 2395 Ro-

82 2448 84 2453 .
101 2430 182 2462 manos
188 2414 284 2477 juberet.
314 2415 405 2470 Quia
384 2415 449 2461 mmis
461 2429 551 2476 compar
559 2412 691 2459 Latinomm
699 2427 772 2473 quon·

101 2480 155 2527 dam
159 2480 293 2559 postulatio
307 2488 361 2534 erat.
380 2480 510 2539 Coelinsque
524 2486 549 2526 et
563 2478 599 2525 alii
614 2478 637 2524 id
650 2477 710 2523 haud
723 2477 772 2523 sine

102 2541 172 2593 nansi
189 2544 376 2605 praetermiserant
394 2544 520 2606 scriptores,
544 2557 627 2606 ponere
647 2556 688 2657 pro
709 2548 771 2588 certo

97 2624 155 2661 num
165 2608 256 2661 veritus.

136 2670 196 2721 VII.
215 2672 298 2739 legati
312 2673 341 2724 ad
351 2671 502 2728 Hannibalem
516 2680 633 2732 venerunt,
650 2645 772 2738 pacemque
