1809 2950
219 108 348 160 1⁸.le
363 112 417 161 Lu.
431 113 478 162 IX.
498 113 557 164 Cn·
568 120 591 166 7.
691 123 745 166 lis·

62 248 207 289 commotus
217 242 323 290 militibus
336 244 433 306 benigne
443 245 550 302 mittuut;
567 252 590 292 et
600 247 745 296 umentibus·

65 306 168 370 Capram
176 313 273 353 umens
284 316 374 355 aenstus
383 310 529 370 populusque,
547 310 634 358 obviarn
644 311 737 373 egressi,

57 373 129 433 justis
147 372 254 418 omnibus
272 373 423 434 hospitalibus,
448 375 586 436 privatisque
603 383 627 422 et
647 376 739 437 publicis

62 436 192 498 iimgrmtur
202 436 282 483 officiis
288 455 297 493 ;
314 452 387 498 neque
395 439 439 485 iilis
451 440 563 486 sociorum
574 441 675 494 comitas,
687 441 738 487 vul·

63 509 144 562 tusqne
159 502 261 562 benigni,
278 509 302 548 et
315 503 411 563 alloquia
424 518 470 550 non
481 505 549 551 modo
561 519 688 552 sermonem
699 504 740 552 eli·

62 581 120 618 cere,
139 565 180 611 seri
195 580 233 618 ue,
251 573 278 611 ut
292 567 369 613 ceruos
383 568 471 628 quidem
486 570 619 624 attollerent,
637 575 740 618 autcon-

64 631 163 676 solantes
170 629 258 675 amicos
268 638 346 676 contre
355 632 501 688 intuerentur,
515 635 607 682 efficere
618 640 736 696 poterantr

63 694 124 748 adm,
150 709 221 754 super
242 707 370 746 moerorem,
392 697 464 755 pudor
485 699 574 759 quidam
590 699 673 762 fugere
691 699 739 746 col·

61 759 136 820 loquis
146 767 172 805 et
182 765 258 804 coetus
269 758 385 804 bominum
396 761 496 820 cogebat.
530 762 627 812 Postero
638 765 674 811 die
683 779 738 812 cum

57 825 156 886 juvem
170 823 266 875 nobiles,
284 821 474 885 manucapti,
492 831 517 872 ut
530 827 696 888 proficiscentes
710 828 740 876 ad

59 887 130 936 finem
148 886 293 948 Campanum
309 896 502 948 prosequerentur.
520 892 678 951 revertisseut3
695 909 738 941 vo-

61 953 180 1015 esfiquein
188 953 275 998 curism
281 954 462 1013 percontanfflius
469 955 587 1016 majoribus
594 965 654 1012 netu,
664 959 738 1006 multo

61 1019 100 1064 sibi
115 1018 249 1064 moestiores
264 1024 288 1062 et
303 1017 427 1079 abjectioris
444 1018 513 1065 enimi
529 1021 596 1074 viam,
614 1022 737 1081 reserreut3

60 1083 116 1129 adeo
127 1082 207 1133 niens,
219 1096 247 1127 ac
256 1097 326 1143 prope
333 1089 420 1128 mutum
429 1097 511 1144 sgmen
519 1085 650 1134 incessisse:
663 1094 738 1136 tacere

59 1147 158 1194 indolem
173 1146 237 1192 iliam
252 1145 387 1200 Romanam,
403 1148 530 1210 abtstosque
544 1165 596 1196 cum
611 1152 678 1198 armis
688 1153 737 1200 nni·

59 1227 124 1258 mos:
143 1225 194 1257 noa
201 1209 295 1256 reddere
305 1211 406 1265 salutem,
423 1227 469 1258 uon
481 1214 626 1262 salutantibus
637 1217 689 1264 dare
700 1233 738 1264 re-

60 1291 178 1340 sponsum,
197 1289 244 1321 non
258 1276 344 1322 hiscere
353 1291 486 1338 quemquam
497 1295 544 1340 prae
555 1287 617 1326 metu
628 1283 735 1342 potuisse.

58 1350 176 1404 tunquam
186 1339 309 1386 terentibus
319 1340 391 1387 sdiruc
401 1343 523 1390 cervicibus
530 1345 621 1406 jugum,
640 1347 680 1392 sub
691 1359 736 1407 quo

59 1406 231 1454 munaum
268 1404 358 1452 Hsbere
367 1407 479 1454 Samnites
487 1409 611 1462 victoriam,
624 1423 737 1470 nonprae-
822 1458 826 1464 ,

59 1472 142 1519 cistam
152 1470 236 1524 solum,
249 1469 362 1518 sedetiam
370 1481 512 1534 perpetuam:
532 1474 618 1533 cepisse
626 1474 685 1519 enim
697 1489 737 1521 eos

59 1551 105 1584 non
121 1536 243 1591 Romam,-
258 1537 386 1583 sicut‘ante
402 1537 490 1590 Gallos,
515 1538 562 1590 sed,
587 1537 648 1597 quod
664 1536 737 1585 multo

59 1602 189 1649 bellicosius
199 1600 276 1655 fuerit,
288 1600 416 1648 Romanam
427 1602 534 1647 virtutem
544 1600 701 1663 ferociamque.

91 1664 153 1713 v11.
175 1663 237 1714 Cum
254 1667 302 1713 haec
319 1666 445 1713 dicerentur
462 1667 640 1727 audirenturque,
657 1675 680 1714 et
696 1667 736 1716 de·

58 1732 173 1793 ploratum
180 1746 248 1792 paese
255 1730 385 1778 Romsmm
397 1745 480 1777 nomen
488 1732 511 1777 iu
520 1731 614 1778 concilio
622 1733 734 1781 sociorum

59 1796 160 1845 fldelimn
178 1803 253 1853 csset3
271 1796 350 1842 dicitur
366 1794 448 1843 Ofilius
468 1794 580 1850 Calavius,
599 1796 652 1845 Ovii
666 1796 734 1853 filim,

60 1860 134 1908 clarus
150 1875 237 1925 genere
254 1859 368 1921 factisque,
386 1868 435 1910 tum
450 1861 518 1907 etiam
535 1867 600 1908 aetnte
616 1864 735 1919 verendus,

59 1926 130 1988 longe
140 1926 207 1973 aliter
220 1940 245 1971 sc
259 1926 340 1971 habere
351 1940 398 1971 rem
408 1925 504 1973 dixisse:
526 1926 668 1974 “Silentium
679 1928 735 1975 illud

60 1992 205 2043 obstinmmu
223 1989 325 2050 fixosque
339 1990 364 2035 in
379 1997 461 2036 terram
478 1990 561 2044 oculos,
580 1998 603 2039 et
617 1993 695 2040 surdas
706 1992 735 2039 ad

60 2056 135 2102 omnis
151 2055 232 2101 solans
241 2069 313 2107 aures,
331 2062 355 2100 et
368 2054 475 2114 pudorem
489 2054 602 2103 intuendae
616 2058 679 2112 lucis,
698 2058 734 2103 iu-

60 2128 152 2181 gentem
167 2119 252 2165 molem
267 2120 350 2165 irsrum
365 2133 395 2165 ex
410 2119 456 2166 alto
471 2120 546 2167 animo
560 2121 640 2168 cientis
653 2120 735 2169 iudicia

61 2199 122 2232 csse:
142 2192 183 2231 sut
193 2183 300 2229 Romana
310 2198 334 2229 se
344 2184 447 2245 ignorare
458 2184 553 2247 ingenie,
572 2192 611 2230 aut
621 2185 734 2232 silentium

61 2249 114 2296 illusi
131 2248 271 2296 Sannitibus
289 2246 373 2294 flebiles
388 2248 449 2295 brevi
466 2250 574 2295 clamores
593 2248 735 2309 gemitusque

63 2314 211 2360 excitaturum
219 2330 227 2370 ;
240 2311 391 2373 Caudinreque
397 2314 459 2374 pacis
467 2314 579 2373 aliquanto
587 2312 734 2367 Sannitibus,

63 2392 128 2437 quam
138 2376 259 2430 Romanis,
277 2377 396 2423 tristiorem
406 2378 536 2424 memoriam
551 2375 607 2421 iore.
644 2373 735 2438 Quippe

62 2456 116 2488 suos
129 2456 242 2504 qrruuque
255 2456 332 2489 sorum
347 2442 433 2488 animos
448 2442 583 2493 habiturum,
601 2438 733 2501 ubicumque

63 2507 206 2569 congressuri
217 2507 274 2552 sint:
294 2507 364 2553 saltus
381 2505 495 2554 Caudinos
512 2519 557 2551 non
572 2503 652 2564 ubique
668 2502 733 2551 Sam·

61 2571 144 2619 nitibss
153 2569 232 2617 fore.”
263 2569 317 2620 Jsm
330 2570 415 2619 Rome
428 2571 496 2618 etism
510 2583 550 2615 sua
560 2567 649 2615 infamis
659 2568 733 2617 clsdes

60 2643 115 2684 ent·
151 2634 264 2685 Obsessos
281 2636 378 2700 primum
396 2634 527 2743 audierunst:
552 2632 636 2679 tristior
654 2632 733 2683 dun&
787 2636 792 2645 ’

190 2713 194 2720 ’
467 2712 482 2742 ι
