1809 2950
205 136 234 186 T.
248 137 334 188 LIVII
351 139 489 188 mex1.
509 137 567 192 cu.
583 147 620 193 17.
697 148 746 196 2⁴⁷

76 267 227 328 Sempronius
239 268 339 314 consules
348 267 437 324 fuerint,
450 270 478 316 ad
488 275 545 330 quoi
557 279 580 318 et
589 272 694 334 principio
705 288 746 337 op-

75 332 224 394 pugnationis
233 332 300 393 legati
312 333 429 392 Saguntini
446 335 507 380 missi
521 337 572 388 sint,
590 344 613 381 et
623 338 660 396 qui
670 338 693 382 iu
704 354 745 384 suo

77 396 215 458 magistratu
226 410 276 441 cum
285 395 418 451 Hannibale,
430 399 524 445 altered
534 399 638 446 'licinum
649 416 744 455 amnem,

75 461 145 508 ambo
156 460 270 520 aliquanto
279 468 331 520 post
342 461 369 507 ad
379 459 490 516 Trebiam,
507 464 661 525 pugnaverint.
697 465 746 512 Aut

75 525 155 570 omnia
170 525 271 570 breviora
286 525 397 584 aliquanto
412 524 482 580 fuere
499 535 538 574 nut
549 528 674 590 Saguntum
684 530 746 590 prin-

75 590 137 650 cipio
156 589 217 640 anui,
236 604 280 648 quo
296 587 323 634 P·
338 587 464 644 Cornelius,
480 590 517 637 Tr.
532 592 675 653 Sempronius
690 607 744 638 con-

76 653 139 700 sules
146 651 244 705 fuerumt,
256 667 302 718 non
311 660 407 714 coeptum
417 656 538 716 oppugnari
546 662 587 708 est,
597 656 636 702 sed
644 663 740 717 ceptum.

75 716 140 763 Nam
157 718 279 763 excessisse
295 732 370 778 pugna
389 717 416 764 ad
432 717 536 766 Trebiam
554 720 578 765 in
596 733 679 765 annum
696 718 741 768 Cn.

76 781 169 828 Servilii
186 788 208 826 et
226 779 253 828 C·
268 780 369 828 Flaminii
388 797 432 828 non
451 791 538 844 poteot;
554 784 605 844 quin
621 782 744 830 Flaminius

75 845 177 891 Arimini
192 845 330 891 consulatum
347 846 402 898 iniit,
420 855 505 893 oreatus
522 849 549 894 ab
559 847 596 893 Τι.
610 848 742 910 Sempronio

74 909 187 965 consule3
204 909 249 968 qui,
263 916 314 970 post
330 924 428 971 pugnam
444 911 473 956 ad
482 910 585 957 Trebiam
597 912 625 957 sd
635 913 742 958 creandos

74 973 183 1020 consides
193 973 290 1018 Romam
308 989 359 1018 oum
375 974 480 1027 venisset,
498 975 592 1020 comitiis
601 976 704 1038 perfectis
714 976 742 1023 ad

75 1037 201 1084 exercitum
212 1037 235 1082 in
246 1037 335 1083 hiberno
346 1037 416 1084 rediit.

108 1099 183 1147 xv1.
203 1101 250 1147 Sub
259 1101 317 1147 idem
328 1100 374 1148 fere
386 1109 473 1164 tempus
489 1109 512 1149 et
526 1103 601 1164 legati,
618 1105 656 1164 qui
671 1105 741 1151 redie-

74 1172 127 1212 rant
142 1179 156 1211 a
172 1163 314 1226 Cartbagine,
327 1165 424 1212 Romam
436 1167 564 1220 retulemnt,
572 1168 742 1216 omniahostrlin

74 1245 133 1283 esse,
146 1235 170 1275 et
185 1228 280 1290 Sagunti
290 1230 410 1275 exscidium
421 1231 546 1277 nuntiatum
557 1239 604 1277 est:
623 1239 742 1293 tantusque

73 1293 143 1340 simul
159 1307 244 1338 moeror
260 1293 345 1347 Patres,
361 1295 551 1356 misericordiaque
565 1296 674 1342 sociomm
690 1313 743 1358 per·

74 1365 190 1404 emtorum
204 1357 302 1418 indigne,
319 1365 341 1403 et
351 1359 422 1420 pudor
432 1373 478 1404 non
488 1360 527 1405 lati
537 1360 618 1412 auxilii,
634 1367 657 1405 et
671 1360 704 1404 im
717 1360 741 1404 in

75 1421 282 1484 Carthaginienses,
302 1429 419 1483 metusque
437 1423 466 1468 de
482 1421 568 1470 summi
583 1438 657 1468 rerum
675 1423 740 1484 cepit,

74 1488 138 1534 velut
150 1487 224 1548 sijum
235 1486 263 1532 ad
272 1494 347 1548 portas
356 1488 427 1533 hostis
437 1495 513 1543 esset;
529 1494 560 1540 ut,
573 1494 607 1533 tot
623 1502 669 1533 uno
684 1494 741 1533 tem-

75 1566 132 1613 pore
147 1552 245 1597 motibus
255 1552 322 1597 animi
336 1552 423 1604 turbati,
437 1551 570 1612 trepidarent
583 1551 662 1612 magis,
675 1563 741 1610 quain

75 1616 226 1662 consulerent.
261 1614 322 1661 Num
340 1630 412 1675 noque
429 1616 516 1660 bostem
532 1615 638 1660 acriorem
652 1614 742 1661 bellico-

74 1680 204 1740 sioremque
225 1694 299 1725 secum
319 1694 477 1741 congressum
498 1694 538 1725 nec
553 1694 599 1725 rem
614 1678 740 1725 Romanam

74 1752 123 1791 tam
135 1743 234 1789 desidem
245 1758 342 1803 unquam
352 1743 420 1790 fuisse
430 1743 620 1803 atqneimbellem.
651 1742 740 1797 Sardos,

76 1807 214 1867 Corsosque,
227 1814 250 1853 et
261 1806 339 1860 Istros,
351 1815 417 1868 atque
428 1806 524 1868 illyrios,
536 1808 650 1854 lacessisse
659 1807 738 1869 magis,

73 1887 142 1931 quom
156 1872 287 1924 exercuisse,
300 1871 403 1918 Bourana
416 1887 491 1929 arma;
507 1878 530 1918 et
546 1887 597 1919 cum
614 1871 686 1918 Gallis
704 1879 741 1917 tu-

73 1936 211 1981 multuatum
222 1936 302 1988 verius,
312 1951 377 1995 quam
385 1936 543 1997 belligeratum.
571 1935 675 1989 Poenum,
687 1936 740 1983 hos-

73 2008 121 2047 tem
132 2008 269 2052 veteranum,
282 2000 348 2045 trium
359 2007 382 2046 et
394 2000 474 2061 viginti
487 2015 594 2047 annorum
609 1998 687 2046 militiai
698 2000 740 2046 du-

73 2062 164 2110 rissimi
174 2064 231 2109 inter
242 2062 355 2125 Hispanas
370 2072 448 2125 gentes
465 2080 552 2127 semper
564 2065 679 2117 victorem,
694 2064 740 2125 pri-

74 2144 139 2175 mum
157 2127 292 2182 Hamilcare,
313 2128 391 2174 deinde
409 2127 555 2182 Hasdrubale
572 2143 632 2175 nunc
649 2127 739 2174 Hanni-

71 2192 122 2239 bale
137 2192 195 2239 duce
208 2192 315 2239 acerrimo
333 2200 451 2245 assuetum,
470 2201 582 2240 recentem
596 2193 623 2238 ab
641 2190 738 2237 exscidio

73 2256 250 2317 opulentissime
261 2256 327 2309 urbis,
339 2254 427 2302 Iberum
438 2259 543 2303 tmnsire:
562 2256 649 2301 trahem
663 2268 738 2299 secum

72 2328 108 2367 cot
119 2320 206 2367 excitos
217 2319 368 2381 Hispanorum
382 2321 492 2383 populos3
509 2320 646 2365 conciturum
663 2318 739 2365 avidas

73 2399 163 2445 suuper
177 2399 288 2431 armorum
305 2384 402 2431 Gallicas
418 2392 511 2447 gentes:
530 2398 581 2429 cum
600 2383 652 2427 orbe
668 2388 738 2427 terra·

73 2464 123 2495 rum
134 2448 218 2495 bellum
228 2448 350 2511 gerendum
360 2449 383 2494 in
394 2447 461 2496 linis
470 2463 496 2495 ac
505 2462 546 2508 pro
562 2446 672 2492 moembus
687 2444 737 2490 Ro-

72 2526 215 2559 mansuesce.
710 2528 713 2532 ’

107 2575 193 2622 XVII.
213 2575 394 2639 Nominataejsm
405 2584 470 2624 antea
481 2574 607 2629 consolinus
617 2572 737 2637 provinciae

70 2649 153 2698 anun
171 2648 219 2687 tum
237 2641 309 2688 sortiri
321 2642 385 2705 jussi.
421 2640 527 2690 Cornelio
543 2638 658 2701 Hispanis,
672 2636 738 2686 sen·
791 2676 796 2679 .
