1809 2950
194 189 322 242 T.L1VII
338 193 390 241 Lta.
405 193 476 242 xxl.
496 193 554 244 Car.
570 199 606 242 18.
681 203 728 247 249

59 320 246 385 Carthaginiensi
264 323 352 370 bellum.
387 323 485 370 Romani
501 331 617 386 postquam
635 323 729 372 cartha.

60 390 142 450 ginem
153 395 270 440 venerunt,
287 403 338 433 cum
349 395 437 434 senatum
448 389 512 434 datus
522 395 588 441 esset,
605 395 628 434 et
639 388 670 442 0„
684 388 729 435 Fa-

59 454 113 499 bius
132 452 187 498 nihil
201 451 265 504 ultra,
281 467 348 512 quam
365 467 441 505 unum,
459 453 518 512 quod
531 453 659 499 mandatnm
675 460 729 507 erat,

60 521 211 578 percontatus
225 524 297 572 esset;
314 523 361 560 turn
376 531 404 561 ex
422 515 640 578 Carthaginiermiaus
656 531 727 563 unus:

63 588 79 610 ¹¹
92 579 202 640 Praeceps
213 587 292 632 vestra
305 579 408 632 Romani,
423 588 446 626 et
456 582 516 642 prior
525 581 608 641 legatio
617 580 666 633 fut,
679 595 730 626 cum

63 643 228 696 Hannibalern,
246 651 357 704 tamquam
376 660 416 690 suo
435 646 527 691 conniis
546 646 671 706 Saguntum
690 659 730 705 op-

61 715 212 770 pugnantem,
230 708 390 768 deposcebatis:
410 715 515 754 caeterum
528 711 576 755 haec
587 709 669 770 legatio
677 723 730 754 rer-

61 773 98 818 bis
112 773 187 818 adhuc
202 772 273 817 lenior
282 779 323 824 est,
341 787 365 818 re
379 773 482 832 asperior.
516 772 582 818 Tunc
593 773 652 818 enim
663 771 730 818 Han-

61 837 124 884 niba]
134 843 158 882 et
173 835 344 889 insimulabatur,
362 841 384 881 et
395 836 563 897 deposcebatur:
582 852 642 882 nnnc
652 838 679 882 ab
689 851 731 881 no·

61 902 96 947 bis
107 908 132 946 et
143 899 253 946 confessio
264 901 335 962 culpae
346 900 489 960 exprimitnr;
505 909 535 953 et,
552 907 578 946 ut
590 916 604 947 a
614 899 728 954 confessis,

63 980 99 1010 res
115 965 230 1024 extemplo
248 971 381 1024 repetuntur.
417 964 471 1025 Ego
484 971 558 1010 autem
573 977 625 1018 non,
641 965 730 1027 privato

61 1029 184 1090 publicone
198 1028 289 1073 consilio
307 1028 432 1088 Saguntum
447 1035 598 1088 oppugnatum
615 1030 650 1081 sit,
668 1043 730 1088 quae·

64 1093 160 1138 rendum
172 1107 281 1144 censeam,
300 1092 338 1137 sed
349 1093 480 1152 utrumjure
490 1106 518 1137 an
529 1091 614 1152 injurii.
643 1091 730 1138 Nostra
760 1112 763 1119 ¹

62 1158 125 1202 enim
140 1157 191 1202 haec
205 1155 298 1216 quaestio
312 1163 378 1215 atque
392 1155 552 1201 animadversio
562 1157 585 1200 in
595 1155 666 1202 civem
677 1169 730 1202 nos-

62 1229 125 1268 trum
141 1226 183 1272 eat,
201 1229 278 1266 nostro
294 1234 321 1266 an
339 1235 379 1265 suo
389 1218 466 1266 iecerit
476 1220 570 1266 arbitrio.
606 1219 727 1266 Vobiscum

62 1300 109 1332 una
118 1284 249 1345 disceptatio
260 1291 300 1337 est,
312 1284 426 1330 licueritne
436 1299 476 1344 per
486 1283 558 1330 foedns
566 1282 620 1329 fleri.
650 1282 730 1343 itaque

61 1350 172 1411 quoniam
187 1348 281 1394 discenti
297 1348 375 1408 piacet,
393 1349 445 1407 quid
461 1349 548 1408 publico
562 1347 661 1400 consilio,
677 1346 732 1405 quid

62 1413 104 1460 sud
115 1413 346 1475 sponteimperatores
353 1412 447 1468 ssciant3
459 1413 522 1458 nobis
532 1412 646 1458 vobiscum
656 1408 731 1456 foedus

62 1486 98 1527 est
113 1477 232 1525 nLutatio
248 1477 338 1523 consule
351 1476 434 1532 ictum;
451 1478 475 1521 in
491 1492 536 1535 quo
551 1490 601 1521 cum
616 1480 731 1521 caveretur

62 1554 213 1601 utrorumque
224 1542 295 1595 sociis,
313 1541 367 1585 nihil
378 1541 405 1586 de
417 1540 546 1601 Saguntinis
556 1539 660 1602 (necdum
671 1538 730 1583 enim

62 1614 128 1655 crant
139 1606 193 1652 socii
205 1603 284 1664 vestri)
296 1613 385 1651 cnutum
398 1612 439 1650 est.
474 1604 508 1649 At
523 1604 581 1649 enim
596 1618 623 1649 eo
637 1602 729 1656 ioedere,

62 1672 124 1733 quod
135 1685 188 1717 cum
200 1668 340 1716 Hasdrubale
350 1670 418 1717 ictum
429 1676 470 1720 est,
489 1668 606 1729 Saguntini
617 1666 729 1728 excipiun-

61 1744 114 1781 tur:
134 1735 241 1781 aduersus
252 1734 310 1794 quod
320 1733 374 1779 nihil
384 1748 427 1795 ego
439 1732 537 1778 dictums
548 1747 603 1784 sum,
616 1731 658 1776 nisi
669 1730 730 1790 quod

61 1800 156 1847 anobis
172 1798 245 1843 didici.
280 1798 329 1843 Vos
344 1798 410 1849 enirn,
428 1797 487 1857 quod
498 1795 526 1844 C.
538 1795 641 1842 Lutatius
652 1795 730 1842 consui

61 1865 136 1926 primo
156 1863 270 1908 nobiscum
289 1861 362 1907 ioedus
379 1862 423 1913 icit,
441 1862 493 1921 quia
511 1876 582 1920 neque
599 1860 729 1906 auctoritate

64 1928 160 1974 Patrum
172 1940 213 1972 nec
223 1925 297 1987 popuii
303 1926 369 1987 jussu
383 1926 451 1970 ictum
463 1932 516 1976 erat,
534 1922 631 1985 negistis
645 1940 687 1969 vos
701 1938 728 1970 en

63 1993 147 2039 teneri:
169 1991 242 2051 itaque
252 1988 311 2035 aliud
321 1990 349 2034 de
358 1990 446 2049 integro
456 1987 530 2034 foedus
540 1989 625 2051 publico
637 1988 730 2034 consilio

62 2057 134 2104 ictum
145 2062 187 2101 est.
224 2054 248 2101 Si
258 2068 299 2099 vos
310 2068 356 2098 non
367 2060 442 2098 tenent
453 2052 625 2105 vestraioedera,
643 2053 729 2098 nisiex

63 2121 198 2167 auctoritate
208 2126 246 2163 aut
249 2118 314 2179 jussu
325 2124 399 2163 vestro
410 2117 468 2173 icta3
479 2131 507 2162 ne
518 2132 559 2162 nos
570 2117 657 2177 quidem
666 2115 729 2162 Has·

63 2184 162 2230 drubalia
170 2182 249 2234 soedus,
262 2181 321 2241 quod
331 2181 393 2225 nobis
401 2181 475 2227 insciis
485 2182 530 2233 icit,
542 2181 639 2240 obligare
645 2178 726 2239 potuit.

64 2247 166 2294 Proinde
179 2246 275 2291 omittite
290 2245 384 2305 Sagunti
398 2252 464 2304 atque
478 2244 536 2291 iberi
549 2244 685 2288 mentionem
694 2241 729 2287 in·

64 2327 130 2368 cere3
148 2318 178 2362 et,
196 2310 255 2369 quod
265 2309 302 2354 diu
312 2310 405 2369 parturit
415 2310 502 2353 animus
516 2314 595 2359 vester,
613 2304 729 2364 aliquando
791 2328 797 2333 ·

63 2374 164 2437 pariat.”
188 2372 249 2419 Tum
258 2372 381 2424 Romanus,
394 2374 443 2417 sinu
452 2386 481 2417 ex
491 2369 545 2431 togis
551 2370 617 2421 facto,
631 2376 647 2397 ‘⁶
655 2366 728 2420 fflc‚’·

62 2441 144 2501 inquit,
169 2444 184 2467 ‘⁶
195 2438 257 2483 vobis
272 2437 354 2483 bellum
370 2443 393 2482 et
411 2451 487 2497 pacem
503 2441 629 2495 portamus;
653 2438 728 2478 utrmn

61 2504 145 2565 planet,
163 2500 270 2548 sumite.”
304 2501 350 2547 Sub
359 2501 416 2547 hanc
427 2514 506 2545 vocem
516 2498 574 2544 haud
583 2497 657 2542 nunus
670 2495 730 2543 sero·

13 2582 14 2585 ’
63 2570 127 2622 citer,
147 2567 242 2619 “daret,
260 2572 334 2612 utrum
351 2562 443 2617 vellet‚’'
461 2562 618 2609 succlamatum
635 2567 682 2607 eat:
706 2566 730 2606 et

64 2646 117 2680 cum
134 2633 155 2681 is
170 2632 251 2681 uerum
265 2630 315 2679 sinu
331 2628 400 2679 effuso
415 2627 564 2679 bellum-due
578 2625 675 2678 dixifflt,
692 2639 734 2675 tc·-
