1809 2950
217 167 255 216 Τ.
267 167 354 216 LIVII
371 169 424 217 Lm.
438 169 497 217 VII.
517 168 577 219 Gar.
590 173 630 219 st
723 177 757 223 29

87 299 132 350 lsti,
144 296 207 358 quod
218 297 362 345 editissimum
373 289 431 346 inte'r
439 301 536 360 aequales
545 289 758 350 tumuloaieourre-

87 365 124 409 bat
131 363 212 415 oculis,
222 378 296 409 arcem
302 363 414 410 Albanam
425 372 512 426 petunt.
542 363 636 418 Consul,
646 380 691 412 non
700 367 758 414 ultra

86 435 161 474 castra
174 429 297 481 insecutus,
316 430 379 491 (quie
391 436 414 475 et
428 430 510 476 vulnus
520 430 661 490 degravabat,
673 438 696 477 et
706 433 757 479 ssd>-

81 493 153 554 jicere
163 493 287 538 exercitum
298 491 466 572 pupnifessum
476 495 568 541 tumulis
578 495 606 540 ab
615 496 680 541 hoste
691 510 758 542 occu·

86 558 144 618 petis
154 555 255 616 nolebat)
267 558 343 618 praeds
350 559 411 604 omni
419 565 541 605 castrorum
550 559 613 604 militi
620 557 678 613 dati,
686 560 758 606 victo-

87 637 134 666 rem
142 621 275 675 exercitum,
285 623 459 684 opulentumque
465 624 558 670 Gallicis
566 624 648 685 spoliis,
658 623 757 670 Romam
823 677 829 687 ,

88 685 184 732 reduxit.
221 685 313 732 Moram
324 687 435 748 triumpho
454 688 536 734 vulnus
553 689 650 735 consulis
667 689 754 736 attulit:

87 750 212 811 aedemque
233 765 300 798 causa
316 751 429 798 dictatoris
447 753 578 799 desiderium
593 754 679 800 senatui
695 753 755 807 lecit,

88 823 113 861 ut
134 823 203 868 esset,
227 817 272 876 qui,
301 817 368 878 aegris
394 817 527 871 consulibus,
548 819 637 864 comitis
657 819 754 867 haberes

89 879 198 926 Dictator
209 879 238 925 L.
250 879 332 926 Furius
346 879 454 929 Camillus
465 881 543 935 dictus,
560 883 634 928 addito
648 884 756 944 magistro

88 944 189 1004 equiturn
201 943 229 990 P.
244 943 351 992 Cornelio
363 946 473 1008 Scipione,
485 946 578 993 reddidit
591 947 695 993 Patribus
704 963 757 1009 pos-

90 1009 213 1055 sessionem
224 1010 340 1070 pristinam
351 1011 494 1057 consulatis:
511 1012 559 1072 ipse
573 1013 602 1057 ob
615 1013 638 1057 id
652 1013 756 1058 meritum

88 1074 176 1135 ingenti
192 1073 286 1119 Petrum
301 1074 374 1120 studio
390 1081 477 1122 creetur
488 1076 574 1128 consul,
588 1077 697 1138 collegam
708 1077 754 1138 Ap.

90 1135 211 1185 Clsudium
221 1137 329 1185 Crassum
340 1139 401 1186 dixit.

128 1202 214 1248 XXV.
239 1201 371 1263 Priusquam
390 1205 471 1251 inirent
489 1206 542 1252 nori
564 1207 667 1252 consules
685 1205 758 1267 magi·

88 1274 190 1319 stratum,
209 1267 334 1329 triumphus
345 1283 359 1314 a
369 1267 500 1330 Popilliode
511 1270 584 1318 Gallis
598 1279 660 1317 actus
674 1285 759 1332 magno

88 1331 166 1378 lavore
176 1332 258 1393 plebia:
279 1340 446 1394 mussantesque
456 1335 514 1380 inter
524 1350 549 1381 se
559 1336 691 1397 regitanam,
703 1349 758 1380 num

89 1411 156 1457 quem
172 1396 250 1458 plebeii
266 1397 363 1443 consulis
373 1398 508 1459 poeniteret?
541 1399 613 1446 Simul
628 1399 758 1444 dictatorem

88 1462 240 1524 increpabant,
252 1463 291 1522 qui
301 1462 358 1524 legis
370 1461 464 1509 Liciniae
475 1470 555 1524 spretae
565 1463 690 1509 mercedem
704 1476 759 1508 con·

90 1523 195 1580 eiulatum,
207 1524 294 1588 privati
302 1528 420 1589 cupiditate
428 1543 495 1588 quam
501 1525 588 1587 publici
593 1525 673 1589 injurii
678 1525 759 1572 scedio-

90 1606 144 1645 rem,
162 1592 264 1652 cepisset,
283 1598 309 1637 ut
325 1606 349 1637 se
365 1592 413 1653 ipae
430 1591 544 1637 consulem
556 1590 651 1637 dictator
665 1598 756 1637 crearet.

91 1658 175 1703 Annus
185 1655 262 1702 multis
275 1656 385 1716 variisque
399 1656 497 1703 monitus
509 1655 552 1701 fuit
561 1656 661 1717 insignia.
697 1656 759 1702 Galli

90 1736 118 1767 ex
130 1720 226 1767 suanis
242 1720 360 1774 montibus,
378 1721 430 1781 quis
446 1720 525 1766 hiemis
539 1720 585 1766 vim
595 1721 640 1782 pati
652 1721 759 1781 nequive-

90 1793 147 1839 rant,
159 1800 200 1847 per
211 1799 301 1846 campos
312 1786 464 1846 maritimaque
473 1786 757 1847 locavagipopulshantur.

89 1850 158 1897 Mare
165 1848 271 1896 infestum
280 1850 385 1896 classibus
394 1851 527 1898 Graeoorum
535 1858 589 1903 erat,
600 1865 682 1911 oraque
689 1850 760 1896 litoris

90 1915 198 1967 Antiatis,
222 1913 368 1975 Laurensque
388 1921 479 1968 tractus,
500 1923 523 1962 et
540 1914 628 1961 'liberis
645 1914 715 1970 ostis3
733 1920 759 1959 ut

87 1979 207 2042 predones
215 1979 326 2032 maritimi,
336 1994 387 2025 cum
394 1980 532 2027 terrestribus
540 1980 662 2040 congressi,
670 1978 761 2039 ancipiti

88 2045 159 2091 semel
166 2044 247 2105 proelio
253 2041 392 2097 decertirint,
402 2044 650 2105 dubiiquedisceoseriut
656 2044 681 2090 in
687 2050 760 2089 casua

89 2108 161 2161 Galli,
173 2108 250 2155 Graeci
265 2115 325 2155 retro
341 2108 370 2155 ad
384 2123 458 2162 naves,
474 2109 547 2155 victos
563 2124 593 2163 ae,
609 2124 638 2155 on
654 2109 758 2160 victores,

88 2180 202 2235 putarent.
237 2170 301 2219 Inter
317 2174 358 2219 hos
374 2174 442 2235 longe
458 2174 568 2221 maximus
582 2174 670 2219 exstitit
679 2179 758 2223 terror,

88 2237 184 2284 eoncilia
200 2238 333 2299 populorum
348 2237 480 2284 Latinorum
497 2239 526 2285 sd
541 2238 617 2285 lucum
632 2236 760 2283 Ferentinae

89 2302 180 2349 habita:
199 2316 375 2363 responsumque
385 2303 444 2350 haud
457 2304 586 2365 ambiguum
602 2299 760 2362 impermotus

91 2366 174 2415 militer
182 2366 293 2414 Romanis
304 2367 386 2419 datum,
399 2368 530 2414 absisterent
539 2368 648 2428 imperare
657 2364 692 2416 iit,
704 2378 760 2424 ‹1¹¹0-

92 2432 234 2477 rumauxilia
242 2439 341 2493 egerent
371 2431 466 2479 Latinos
475 2428 758 2493 promittemtepotias

91 2508 159 2555 quam
170 2510 212 2556 pro
223 2496 295 2543 alieno
312 2497 411 2559 imperio,
429 2498 515 2543 laturos
531 2510 599 2541 arola.
635 2492 699 2539 Inter
708 2493 759 2538 'duo

92 2558 159 2605 siaul
167 2560 330 2615 bellaextema,
339 2560 464 2608 deiectione
471 2560 538 2606 etiam
549 2559 660 2604 sociorum
671 2565 760 2603 senatm

90 2625 179 2677 anxius,
195 2640 247 2670 cum
265 2620 366 2672 cerneret
383 2633 446 2672 metu
456 2624 573 2676 tenendos,
583 2621 704 2684 quosiides
714 2634 760 2670 aon

91 2688 209 2744 tentdmt,
221 2690 342 2739 extendere
355 2700 434 2738 omnes
444 2688 531 2751 imperti
540 2688 600 2735 vires
610 2686 714 2739 conati&
722 2685 761 2731 ‘¹0-

523 2757 566 2800 os
