1809 2950
887 23 888 54 l

178 150 226 196 246
297 143 428 198 T.L1V11
445 144 497 190 Lus.
511 141 583 190 XXI.
603 141 662 192 Car.
679 146 715 191 15.

174 279 274 340 imperat.
308 268 521 335 Haec,'quamquarn
532 273 663 335 sintgravia
674 280 741 333 atque
755 275 829 326 accim
887 261 888 264 Ἴ

175 341 266 388 fortuna
275 348 349 387 vestra
358 341 421 386 vobis
432 339 516 385 suadet.
548 338 659 398 Equidem
670 339 730 383 haud
741 338 830 398 despue,

175 422 227 453 cum
239 407 337 452 omnium
347 411 446 466 potestas
456 403 476 448 ei
484 403 543 448 iacta
552 402 586 454 sit,
599 402 680 462 aliquid
691 417 720 448 ex
730 403 765 448 his
776 404 831 448 rebus
887 413 888 426 ¹

176 472 326 518 remissurum.
362 469 406 515 Sed
424 466 461 513 vel
479 469 528 513 haec
545 467 646 528 patienda
664 481 747 512 censeo
759 467 831 528 potius
887 433 888 508 i

176 551 243 596 quam
255 534 357 581 trucidari
368 547 460 594 corpora
470 539 549 584 vestra,
562 531 609 592 rapi
622 531 724 590 trahique
740 539 791 578 ante
800 547 834 576 ora
887 509 888 596 l

122 647 125 652 ,
175 608 251 646 vestra
261 601 368 661 conjuges
378 613 404 643 ac
414 597 494 642 lilteros
504 596 555 641 belli
561 597 612 656 jure
623 594 728 640 sinatis’'
887 597 888 680 p

209 663 280 710 XIV.
299 664 337 708 Ad
348 663 396 707 haec
407 660 520 713 audienda,
533 675 591 712 cum,
605 656 726 705 cirumfusd
735 660 835 720 paulatim
887 685 888 734 l

177 727 322 778 multitudine,
341 726 476 786 permixtum
496 724 580 770 senatui
599 731 657 770 esset
671 724 749 785 populi
768 725 837 770 couci·
887 739 888 784 ᾗ

175 793 246 848 lium3
264 797 353 850 repente
362 790 477 851 primores,
490 789 613 834 secessione
623 785 689 840 faeta
703 789 837 852 (priusqam
887 791 888 806 l

176 869 306 916 responsum
322 851 422 912 daretur)
441 861 558 915 argentum
577 868 699 914 aurumque
718 869 793 906 omne,
812 867 839 898 ex
887 907 888 918 ἵ

175 920 262 982 publico
272 919 403 980 privatoque
416 918 439 963 in
450 917 525 964 iorum
536 917 646 970 collatum,
659 917 682 962 in
693 917 771 978 ignem
782 917 839 964 adid
887 925 888 928 ’

116 1002 118 1005 ·
175 985 254 1045 raptim
277 983 531 1044 factum'conjicienten
554 982 632 1028 eodem
650 981 752 1042 plerique
773 989 839 1028 semet

122 1077 125 1083 ·
175 1049 216 1110 ipsi
233 1049 434 1110 praecipitaverunt.
476 1045 535 1094 Cum
555 1061 584 1091 ex
602 1062 630 1092 eo
644 1061 713 1108 pavor
730 1062 757 1092 ac
774 1048 839 1108 trepi-

176 1113 235 1159 datio
246 1120 316 1159 totam
327 1114 403 1158 urbem
413 1111 552 1173 pervasisset,
565 1111 620 1156 alius
630 1111 720 1172 insuper
733 1111 841 1156 tumultus

175 1192 204 1224 ex
223 1193 274 1223 arce
294 1176 402 1231 auditur!¹
427 1174 506 1220 Turris
524 1176 561 1220 diu
580 1169 683 1234 quassata
700 1175 838 1235 prociderat:

161 1243 258 1304 'perque
273 1242 358 1287 ruinam
374 1242 422 1301 ejus
440 1241 520 1285 cohors
538 1239 661 1285 Poenorum
678 1240 763 1300 impetn
781 1239 842 1286 factu
887 1267 888 1286 ;

175 1321 226 1353 cum
238 1307 326 1368 signnm
336 1304 462 1366 imperatori
473 1304 574 1357 dedisset,
587 1303 691 1349 nudatam
708 1304 840 1350 stationibus

175 1370 324 1430 custodiisque
331 1370 400 1415 solitis
410 1368 506 1413 hostiurn
518 1383 567 1414 esse
577 1369 666 1424 urbem;
679 1381 725 1412 non
734 1375 840 1414 eunden

176 1437 229 1482 dnm
244 1436 268 1481 in
283 1435 322 1483 tali
338 1433 452 1481 occasione
471 1440 531 1479 ratus
546 1432 666 1483 Hannibal.
687 1432 740 1479 totis
756 1433 841 1479 viribus

173 1516 294 1563 aggressus
320 1501 403 1552 urbem,
429 1505 543 1543 momento
562 1497 625 1558 cepit,
646 1497 710 1557 siguo
733 1497 792 1551 dato,
815 1504 840 1542 ut
887 1556 888 1559 Ἰ

174 1580 253 1611 omnes
267 1567 359 1626 puberes
375 1562 561 1609 interficerentur:
581 1561 641 1620 quod
656 1562 774 1621 imperinm
790 1576 839 1607 cra.
887 1562 888 1617 Ϊ

176 1630 231 1683 dele,
258 1638 362 1675 caeterum
389 1642 457 1689 prope
481 1626 626 1671 necessarium
648 1626 763 1687 cognitum
791 1626 839 1687 ἰμο

176 1700 257 1739 eventu
270 1699 311 1739 est.
347 1691 390 1739 Cui
407 1693 466 1737 enim
484 1692 543 1751 parci
557 1690 629 1751 potuit
644 1704 672 1735 ex
690 1690 724 1742 iis,
745 1690 784 1749 qui
801 1696 840 1735 aut

174 1757 254 1802 inclusi
265 1772 315 1801 eum
326 1757 456 1817 conjugibus
467 1770 493 1801 ac
503 1754 575 1800 liberis
583 1755 661 1799 domos
670 1770 736 1815 super
746 1768 771 1799 se
779 1754 839 1815 ipsos

175 1827 377 1872 concremaverunt,
386 1827 425 1864 aut
433 1820 511 1865 armati
520 1819 604 1865 nullum
611 1824 662 1865 ante
669 1817 737 1863 finem
744 1832 836 1881 pugnae,

175 1899 242 1944 quam
252 1884 378 1936 morientes,
390 1882 507 1930 fecerunt?

207 1947 264 1993 XV.
283 1946 380 2010 Captum
398 1948 505 2009 'oppidum
524 1956 558 1995 est
577 1964 627 1995 cum
646 1948 732 2010 ingenti
750 1945 834 2009 preda

175 2011 316 2072 Quamquam
323 2012 427 2073 pleraque
436 2013 463 2059 ab
474 2013 568 2059 dominis
579 2014 606 2059 de
616 2010 723 2059 industrii
734 2018 837 2073 corrupta
887 2066 888 2069 Ἰ

174 2082 245 2129 erant,
257 2083 279 2122 et
293 2076 316 2121 in
332 2076 428 2122 cedinus
443 2078 483 2123 vix
498 2077 568 2123 ullum
584 2077 699 2123 discrimen
716 2076 790 2123 aetatis
805 2076 839 2122 ira

174 2140 265 2194 fecerat,
275 2147 298 2187 et
313 2141 393 2202 captivi
410 2141 504 2187 militum
521 2142 596 2203 praeda
608 2141 711 2197 fuerant;
728 2148 803 2187 tamen
813 2147 839 2185 et

117 2261 129 2277 .
173 2220 203 2251 ex
212 2206 282 2267 pretio
293 2221 366 2251 rernm
377 2206 514 2252 venditarum
528 2206 662 2267 aliquantum
676 2205 777 2267 pecuniae
788 2204 838 2251 red-

174 2277 248 2315 actum
267 2285 315 2317 esse
333 2277 427 2323 constat,
444 2277 467 2317 et
481 2270 572 2316 multam
583 2265 700 2332 pretiosani
712 2268 839 2331 supellecti-

171 2334 216 2380 lem
227 2342 355 2395 vestemque
363 2335 452 2381 missam
461 2332 625 2396 Carthaginem.
655 2333 743 2381 Octavo
750 2347 837 2385 mense,-

172 2412 239 2456 quarn
250 2407 348 2461 creptum
359 2399 487 2461 oppugnari,
502 2406 589 2460 captum
601 2399 733 2459 Saguntum,
745 2398 839 2457 quidam

173 2459 293 2521 scripsere:
311 2463 362 2509 inde
373 2462 530 2524 Carthaginem
541 2478 621 2509 novam
632 2464 654 2508 in
666 2463 756 2509 hiberna
765 2460 837 2507 Han-

173 2524 266 2570 nibalem
277 2528 424 2573 concessisse:
442 2527 519 2587 quinto
529 2527 607 2573 deinde
622 2540 706 2581 mense,
723 2534 790 2587 quarn
807 2526 838 2571 ab

173 2584 309 2649 Carthagine
316 2591 428 2652 profectus
438 2591 473 2643 sit,
483 2590 505 2635 in
514 2588 600 2637 Italiam
609 2591 742 2653 pervenisse·
774 2589 837 2643 Quae

172 2648 240 2696 siita
258 2660 316 2707 sunt,
336 2653 383 2707 deri
402 2668 448 2700 non
468 2655 545 2717 potuit,
564 2662 590 2702 ut
606 2654 633 2703 P.
648 2652 775 2709 Cornelius,
793 2652 833 2702 Ti.
