1809 2950
171 175 217 221 1⁵⁶
301 169 332 219 T.
347 168 436 218 mvn
450 169 505 216 Las.
520 167 567 216 IX.
586 165 646 217 Car.
660 171 699 214 40.

169 303 243 360 sistit3
260 301 350 349 sinistro
362 299 464 364 prefecit
477 299 609 362 magistrum
621 297 739 358 equiturn·¹
765 295 839 343 Simul

168 375 205 414 est
215 382 355 417 concursum,
372 366 453 428 iugens
463 363 506 411 fuit
517 379 568 410 cum
579 364 643 408 hoste
653 369 781 417 certamen,
793 376 838 406 non

170 431 262 495 segnius
278 432 337 478 inter
352 430 483 477 dictatorem
500 437 522 476 et
539 428 670 489 magistrum
685 425 794 486 equitum,
812 427 839 472 ab

170 495 221 544 utri
230 496 295 558 parte
302 495 396 542 victoria
405 495 519 556 inciperet.
539 491 604 538 Prior
613 491 671 538 forte
681 489 698 538 J
699 489 764 555 unius
776 505 840 536 com-

171 561 244 608 movit
259 562 355 613 hastan,
371 559 431 606 iaevo
445 558 549 604 dextrum
566 571 643 610 cornu,
661 562 758 602 sacratus
777 569 839 606 more

171 625 304 673 Samnitium
322 624 411 676 milites,
428 639 501 684 eaque
519 620 611 670 candidi
629 627 692 667 veste
710 627 733 665 et
750 619 839 680 paribus

170 690 266 737 candore
273 689 340 736 armis
350 688 457 750 insignes
485 687 569 755 Eos'se
579 685 640 733 Orco
648 691 745 732 mactare
754 682 839 732 Juuius

170 755 281 805 dictitans,
303 767 355 798 cum
370 752 483 798 intrdisset
501 753 572 813 signa,
589 750 686 796 turbavit
701 747 799 801 ordines,
816 757 839 794 et

169 817 230 864 haud
240 817 304 863 dubie
313 815 401 879 irnpaiit
410 817 488 862 aciem.
525 815 594 870 Quod
603 814 640 860 ubi
651 813 720 860 sensit
735 812 837 865 dictator,
890 809 891 814 ’

171 881 232 928 “Ab
249 881 338 927 laevone
353 896 423 927 cornu
440 881 534 927 victoria
551 877 674 942 incipiet?”
690 877 771 938 inquit,
790 883 806 908 ⁴⁶
816 885 838 924 et
890 911 891 930 ,

169 945 273 992 dextrum
287 959 364 998 cornu,
382 945 496 991 dictatoria
506 945 571 997 acies,
588 943 682 990 alienam
692 957 793 1004 pugnam
804 956 838 988 se·
890 963 891 974 ι

169 1017 256 1071 quemn,
267 1024 314 1056 non
324 1017 410 1072 partem
417 1010 537 1056 maximam
549 1008 648 1054 victoriae
656 1007 729 1053 trahet
733 1005 763 1050 ?''
776 1005 839 1054 Cun-

169 1075 223 1138 citat
239 1074 334 1121 milites:
354 1089 396 1120 nee
409 1075 509 1136 peditum
523 1073 600 1120 virtuti
615 1072 706 1133 equites,
724 1078 764 1118 aut
778 1069 840 1134 lega—

169 1146 244 1185 torum
255 1137 328 1186 madia
336 1139 427 1185 ducriius
437 1139 526 1184 cedunt.
561 1137 598 1184 M.
611 1136 716 1183 Valerius
726 1151 740 1182 a
750 1136 837 1189 dextra

170 1201 199 1249 Ρ.
212 1201 300 1250 Decius
307 1204 400 1250 ablaevo
408 1218 486 1256 cornu,
496 1204 560 1249 ambo
571 1201 704 1253 enuntiares,
714 1201 743 1246 ad
753 1197 838 1261 equites

169 1266 193 1313 in
208 1268 312 1314 cornibus
325 1268 411 1330 positos
424 1268 562 1314 evehuntur:
582 1265 734 1326 adhortatique
749 1281 797 1318 eoa,
815 1273 839 1312 ut

168 1339 255 1396 partem
264 1347 339 1379 secum
350 1338 490 1394 capesserent
500 1332 592 1384 decoris,
601 1331 624 1376 in
635 1337 761 1377 transversa
772 1330 839 1376 latera

169 1397 268 1445 hostium
283 1397 406 1443 iucurmnt.
442 1394 467 1442 is
483 1411 555 1443 novus
567 1396 653 1442 additus
664 1401 736 1441 termr
746 1409 800 1440 cum
811 1407 839 1442 ex

169 1471 233 1527 parte
249 1460 343 1525 utrique
357 1461 536 1514 circumvasisset
551 1461 628 1514 aciem,
646 1465 669 1507 et
685 1459 714 1507 ad
730 1466 838 1506 terrorem

85 1555 89 1565 ι
170 1529 268 1575 hostium
278 1528 380 1591 legiones
390 1527 508 1579 Romana,
527 1526 676 1587 redintegrato
685 1524 791 1578 clamore,
805 1524 839 1571 iu-

170 1593 274 1640 tulisaent
292 1594 394 1655 gradum,
412 1600 461 1638 tum
480 1590 534 1653 iuga
552 1591 579 1637 ab
599 1588 734 1637 Samnitium
754 1596 834 1651 eoepta.

170 1654 223 1705 Jam
241 1665 316 1719 strage
328 1659 445 1703 homiuum
459 1670 614 1715 armorumque
630 1653 752 1716 insignium
768 1653 836 1715 campi

171 1721 264 1782 repleri3
281 1736 308 1767 ac
321 1721 394 1781 primo
407 1720 500 1782 pavidos
515 1720 627 1767 Samnites
642 1725 715 1765 castra
725 1732 766 1764 sua
776 1732 837 1765 actu·

169 1780 236 1847 perez
250 1783 330 1830 deinde
340 1799 369 1829 ne
379 1799 406 1830 ea
414 1785 504 1845 quidem
513 1791 610 1831 retentat
625 1783 694 1845 captia
705 1782 839 1844 direptisque

170 1855 223 1894 aute
240 1855 330 1894 noctem
348 1848 442 1911 injectus
460 1848 527 1911 ignia.
562 1846 668 1895 metator
686 1862 715 1894 ex
737 1848 838 1894 senatus·

169 1912 272 1961 consuto
282 1912 438 1974 triumphavit:
452 1915 516 1975 cujus
524 1914 635 1976 triumpho
642 1913 711 1973 longe
718 1912 838 1958 maximam

170 1975 266 2039 speciem
280 1977 367 2039 captiva
383 1992 444 2023 anua
461 1975 583 2040 praebuire.
617 1976 717 2023 Tantum
736 1974 839 2039 magnifl-

169 2040 250 2087 centiae
260 2040 333 2087 risum
344 2042 366 2087 in
377 2041 411 2095 iis,
429 2049 454 2088 ut
470 2048 545 2089 aurata
556 2049 619 2089 scuta
628 2041 724 2087 dominis
735 2048 839 2103 argeum

169 2104 252 2151 riarum
260 2104 371 2153 adfurum
382 2107 505 2154 ornandum
516 2106 678 2153 dividerentur:
698 2106 750 2152 inde
761 2112 837 2152 natum

168 2168 258 2217 initium
275 2170 354 2219 dicitur
367 2171 410 2219 sori
424 2172 517 2218 ornandi
532 2172 559 2218 ab
574 2170 680 2223 aedilibus,
698 2185 750 2217 cum
767 2176 838 2217 mise

168 2234 309 2283 ducerentur.
345 2235 378 2283 Et
388 2235 487 2283 Romani
496 2236 586 2297 quidem
596 2236 625 2283 ad
639 2236 748 2282 honorem
759 2232 837 2281 Dedin

168 2299 293 2362 insignibus
307 2302 374 2348 armis
387 2302 485 2347 hosfium
496 2300 530 2347 usi
541 2308 606 2347 sunt:
627 2298 746 2362 Campani,
762 2300 792 2345 ab
802 2312 838 2345 au·
889 2338 890 2359 ,

168 2363 244 2427 perbii
257 2372 281 2411 et
295 2366 346 2412 odio
360 2365 501 2419 Samnitium,
517 2366 651 2428 gladiatores
666 2364 739 2428 (quod
753 2370 839 2427 specta-
889 2414 890 2421 ἵ

169 2428 245 2475 cuium
257 2430 317 2477 inter
326 2430 401 2491 epulas
411 2428 470 2490 erat)
482 2446 509 2477 eo
520 2436 599 2477 ornatu
610 2426 730 2483 armdrunt,
750 2428 838 2477 Samni-
889 2458 890 2489 3

168 2492 270 2554 dumque
288 2496 379 2541 nornine
396 2492 564 2559 compellit-unt.
599 2492 688 2541 Eodem
707 2506 768 2540 anuo
787 2506 837 2540 eum
889 2490 890 2531 ἶ

106 2578 110 2586 ·
168 2556 259 2617 reliquia
273 2556 423 2605 Etruscorum
441 2558 470 2605 ad
486 2557 610 2612 Perusiam,
627 2572 678 2619 quae
697 2564 720 2604 et
739 2558 789 2619 ipsa
803 2556 838 2603 in-
889 2550 890 2587 i

169 2618 282 2667 daciarum
292 2622 360 2670 iidem
369 2629 466 2684 ruperat,
484 2621 566 2669 Fabius
577 2622 656 2671 consul
666 2636 708 2669 nec
718 2620 787 2669 dubii
797 2634 838 2669 nse

169 2680 251 2730 difficili
269 2685 363 2734 victorii
380 2686 483 2735 dimicat:
507 2686 581 2748 ipsun
600 2686 705 2749 oppidum
725 2687 792 2750 (nam
810 2684 838 2732 ad
