1809 2950
183 173 329 234 ΙΤαΙιΝΙΙ
345 177 398 228 Lm.
411 179 499 228 xm
517 179 631 232 cmm
701 181 749 230 9⁵7

82 305 225 364 censuerint3
242 308 296 354 nihil
307 325 349 355 vos
360 324 445 363 eorum,
463 310 543 358 Patres
556 309 682 371 conscripti,
698 323 751 369 quse

80 371 127 430 iilic
141 377 191 417 acts
201 379 260 425 sunt,
278 373 381 434 ignorare
394 375 471 435 patiar.
505 375 583 435 Atque
597 375 681 420 utinum
691 374 751 426 iraee,

82 450 135 495 quae
149 435 207 496 apud
221 451 262 482 vos
277 433 438 493 acturus'sum,
457 438 549 486 Canusii
559 439 617 499 apud
626 439 699 499 ipsum
710 449 750 482 ex·

84 500 178 544 ercitum
194 515 291 561 agerem,
309 503 416 562 optimum
433 510 513 550 testem
529 504 626 565 ignaviae
642 503 751 563 cujusque

84 569 107 609 et
117 565 219 622 viptutis:
239 569 277 610 aut
290 581 348 612 unus
361 568 397 613 hio
412 569 490 614 saltem
499 568 592 614 .sdesset
602 566 630 612 P.
645 567 750 625 Sempro-

84 628 142 681 nius,
162 643 227 688 quem
243 630 261 674 si
271 631 311 676 isti
323 631 401 677 ducem
412 633 482 678 secuti
493 639 574 684 essent,
592 631 674 676 milites
683 628 751 674 hodie

84 693 197 738 incastris
212 693 328 747 Romanis,
345 709 390 741 non
404 697 485 758 captivi
498 697 522 742 in
532 697 629 742 hostium
639 699 751 755 potestate

83 757 172 804 essent!
194 758 238 804 Sed
249 773 307 812 cum,
318 758 383 805 fessis
393 762 514 822 pugnando
523 761 630 814 hostibus,
642 767 691 805 tum
701 757 750 804 vic·

83 821 141 867 terii
155 821 221 874 laetis,
237 829 260 868 et
274 823 326 884 ipsis
341 825 451 884 plerisque
463 826 571 886 regressis
584 826 608 870 in
618 830 691 870 castra
700 836 748 874 suu,

82 893 175 932 nomem
183 886 211 932 ed
218 889 377 948 erumpendum
387 889 478 936 liberem
488 890 621 943 inusserit,
633 896 656 935 et
664 894 750 948 septem

83 957 221 996 onustorum
238 952 353 998 hominum
369 953 437 999 millis
452 968 598 1015 perrumpere.
611 954 678 999 etiarn
694 965 751 997 con·

81 1014 155 1060 fertus
169 1015 244 1061 hostes
254 1017 392 1076 potuissent3
408 1032 480 1077 neque
488 1022 533 1078 'per
547 1018 626 1078 seipsi
640 1017 663 1062 id
675 1015 752 1062 facee

83 1078 160 1125 consti
179 1087 236 1132 sunt,
257 1095 329 1140 neque
347 1081 413 1127 alium
433 1081 496 1140 sequi
514 1081 639 1126 voluerunt.
673 1079 753 1126 Nocte

26 1175 33 1192 .
82 1158 155 1206 prope
165 1142 213 1189 toti
223 1143 250 1189 P.
263 1145 406 1207 Sempronius
414 1145 540 1191 Tuditanus
550 1159 596 1189 uon
606 1143 690 1190 destitit
699 1158 750 1189 mo·
813 1145 816 1150 ’

81 1223 145 1260 uere,
158 1209 267 1254 adhortari
275 1223 320 1262 eos,
331 1210 383 1254 dum
391 1211 490 1271 paucitas
497 1209 595 1254 hostium
604 1208 662 1254 circe
669 1213 749 1260 cestra,

84 1273 140 1318 dum
159 1273 221 1333 quies
239 1287 264 1318 uc
283 1272 395 1320 silentium
414 1281 480 1327 esset,
500 1274 553 1319 dum
572 1287 619 1317 nox
636 1273 749 1332 inceptum

84 1333 179 1398 tegeiet,
194 1352 217 1382 se
228 1336 306 1382 ducem
318 1345 474 1397 sequerentur:
490 1345 542 1384 ante
551 1338 624 1382 lucem
634 1335 751 1396 pervenire.

83 1401 108 1446 in
116 1407 165 1447 tute
172 1401 228 1454 loca,
240 1402 263 1445 in
275 1403 384 1446 sociorum
395 1403 467 1455 urbes,
478 1417 551 1463 posse
587 1401 650 1447 Sicut
657 1413 751 1453 oronim

85 1463 194 1512 memoriis
206 1464 233 1511 P.
244 1465 337 1519 Decius,
346 1467 446 1513 tribunus
455 1467 550 1513 militum
558 1465 582 1510 in
591 1463 697 1521 Samnio;
708 1463 752 1509 sic·

84 1537 118 1583 ut,
142 1530 205 1575 nobis
230 1531 410 1584 adolescentibus,
429 1532 502 1592 priore
516 1531 603 1576 Punico
615 1529 680 1582 bello,
697 1526 752 1576 cu·

84 1594 178 1656 purnius
193 1593 295 1640 Flamma
308 1596 412 1641 trecentis
422 1595 559 1648 voluntariis,
575 1609 626 1639 cum
637 1593 665 1638 sd
674 1599 758 1638 tumr»,

84 1660 133 1705 lum
145 1673 188 1705 eos
203 1659 339 1720 capiendum,
358 1660 424 1705 situm
440 1660 499 1706 iuter
512 1659 598 1705 medios
611 1659 694 1710 hostes,
710 1656 755 1702 du·-

85 1729 154 1776 ceret,
175 1723 242 1769 dixit:
267 1722 414 1777 ‘Moriamun
433 1724 522 1777 milites,
542 1731 566 1769 et
583 1729 656 1768 morte
674 1718 757 1766 nostrd

85 1788 205 1849 eripiemus
221 1802 249 1833 ex
266 1788 379 1833 obsidione
393 1789 556 1835 circumventas
573 1784 692 1849 legiones'
725 1784 759 1832 st

85 1853 130 1898 hoc
146 1850 173 1896 P.
189 1852 332 1913 Sempronius
347 1852 442 1909 diceret;
461 1868 502 1899 nec
519 1854 579 1898 viros
592 1847 690 1912 cuidem,
709 1864 752 1896 nec

86 1916 205 1963 Romanos
219 1932 260 1962 ros
275 1916 371 1969 duceret
388 1917 406 1962 si
422 1932 488 1963 nemo
502 1924 571 1963 tuntae
585 1916 673 1964 virtutis
683 1914 753 1962 exsti·

86 1981 152 2027 tisset
162 1994 244 2029 comes·
279 1979 346 2025 mon
358 1994 403 2026 non
413 1981 442 2026 sd
451 1981 636 2044 glorism'rnagis,
648 1994 713 2041 qusm
724 1978 753 2025 sd

87 2046 190 2097 salutem,
201 2044 310 2091 ferentem
321 2044 471 2102 demonstrut3
483 2047 574 2092 reduces
581 2047 605 2092 iu
612 2047 712 2106 petriam,
724 2042 753 2088 ud

87 2116 199 2171 parentes,
212 2110 240 2155 sd
250 2110 357 2171 conjuges
365 2124 391 2155 ec
400 2110 481 2155 liberos
488 2109 547 2157 iecit.
583 2109 618 2155 Ut
626 2107 751 2159 senonim,

88 2174 152 2220 deest
166 2174 229 2219 vobis
244 2174 347 2219 annus?
364 2174 423 2234 quid,
440 2175 459 2219 si
475 2173 614 2221 moriendum
627 2187 668 2233 pro
681 2168 754 2231 putrid

87 2244 155 2290 esset,
175 2236 294 2283 taceretis?
312 2236 482 2299 Quinquaginta
497 2238 566 2282 millia
580 2236 661 2281 civium
681 2234 757 2279 cocis>

90 2316 184 2361 rumque
199 2302 257 2348 circe
270 2316 311 2348 vos
325 2317 353 2347 eo
367 2302 415 2363 ipso
426 2301 462 2347 die
472 2316 531 2346 oaess
537 2301 625 2362 jacenti
639 2298 658 2343 si
669 2304 703 2343 tot
712 2310 754 2343 eru

90 2366 166 2427 emplu
179 2366 268 2411 virtutis
283 2380 328 2411 non
342 2374 441 2418 movent,
462 2364 516 2409 nihil
530 2377 626 2424 unquam
641 2360 756 2408 movebitc

90 2432 188 2476 sitente
204 2430 277 2476 clsdes
293 2430 359 2476 vilem
377 2430 445 2475 vitem
463 2443 508 2473 non
526 2427 586 2479 iecit,
603 2426 663 2472 nulls
678 2424 752 2471 faciet.

91 2494 168 2541 Liberi
179 2494 376 2555 etque‘incoiumes
384 2493 505 2540 desiderate
511 2492 617 2553 putrium:
635 2485 705 2535 imino
715 2488 755 2542 de«,

90 2558 194 2612 siderate,
211 2559 264 2604 dum
278 2559 348 2619 putria
362 2565 403 2611 est,
421 2557 474 2603 dum
489 2557 549 2602 cives
561 2557 608 2618 ejus
619 2554 686 2601 estis:
705 2568 759 2598 sero

91 2636 154 2669 nuuc
169 2622 302 2675 desideratis,
320 2622 427 2669 deminuti
442 2622 519 2682 capite,
536 2619 650 2667 sbsiimsti
659 2620 711 2681 jure
723 2618 757 2663 cis·

93 2686 164 2742 riuus,
182 2687 240 2733 serui
256 2685 473 2750 Certhcginiensium
485 2685 560 2733 fecti.-
579 2683 656 2734 Prctio
667 2681 759 2733 retitui
