1809 2950
218 130 249 182 r.
261 132 349 182 mvn
366 132 418 182 un„
433 132 533 181 xxns
552 131 612 182 cn.
626 138 683 184 490
718 136 780 200 ,nr

110 245 196 321 praetdr
215 261 237 308 in
252 263 360 310 concione
373 263 449 318 edixit,
467 261 511 325 qud
527 263 564 310 die
576 263 717 318 vestimenta,
733 263 781 309 iru-

110 332 220 380 mentum,
243 327 388 390 Hispaniensi
409 329 517 376 exercitui
537 328 662 390 praebmda,
684 343 781 389 quaeque

109 389 153 436 alia
163 405 219 452 opus
230 400 305 438 essent
315 393 429 440 navalibus
440 393 513 446 sociis,
522 400 582 440 esset
592 393 712 440 locatums.

142 453 238 502 XLIX.
262 457 308 503 Ubi
324 473 351 504 ea
362 458 409 505 diss
422 459 492 511 venit,
510 459 538 504 ad
550 457 720 504 conducendum
733 463 779 504 tres

108 517 227 566 societates
238 522 329 568 aderant
339 522 454 568 bominum
464 522 611 584 undeviginti,
625 535 719 582 quornm
735 521 780 568 duo

108 585 221 642 postulata
238 583 315 633 suere:
345 601 422 641 unum,
445 594 472 633 ut
492 584 571 634 militiai
591 594 703 641 vacarent,
726 586 780 632 dum

107 646 134 691 in
155 661 182 694 eo
200 651 288 711 publico
307 659 396 701 essent:
420 651 522 705 alterum,
541 658 575 706 ut,
597 667 650 713 quae
668 651 693 696 in
710 665 781 698 nares

107 710 273 773 imposuissent,
289 717 316 762 ab
332 715 430 764 bostium
451 717 635 778 tempestatisque
651 716 675 762 vi
691 715 780 776 publico

106 777 206 837 periculo
225 788 306 827 essent.
341 780 445 842 Utroque
463 781 588 843 impetrato,
609 781 779 836 eonduxenmt3

107 839 237 904 privatique
255 840 350 906 pecnnial
368 845 491 908 respublica
510 845 663 892 administrata
678 852 719 893 est.
744 843 779 891 Hi

18 937 23 960 ,
106 919 188 960 mores,
201 923 270 969 eaque
280 910 448 972 caritsspatriae
462 925 503 971 per
516 910 595 956 bmnes
605 909 701 964 ordines,
717 910 780 957 velut

108 977 186 1018 tenore
208 987 260 1028 uno,
284 975 413 1036 pertinebat.
448 973 644 1028 Quemadmodum
669 975 780 1022 conducta

107 1035 183 1082 omnia
198 1053 282 1101 magno
300 1039 375 1086 an'sno
393 1043 452 1092 sunt,
470 1039 503 1085 sic
519 1036 607 1085 munmd
621 1038 665 1085 fide
679 1039 778 1101 praebita

106 1105 378 1216 iiieffiqbimid
385 1103 779 1230 .2ti‘ttt..”⁸tit.i.‘¹¹¹fitt¹}÷

34 1265 37 1273 .
106 1229 211 1291 oppidum
230 1234 258 1279 ab
269 1231 411 1280 Hasdrubale
431 1248 458 1279 ac
475 1231 585 1294 Magone,
605 1239 629 1278 et
648 1231 779 1280 Hamilcare

104 1291 238 1343 Bomilcaris
251 1297 304 1352 filio,
328 1299 356 1344 ob
377 1297 524 1346 defectionem
544 1296 573 1343 ad
593 1295 718 1351 Romanos,
738 1312 779 1360 op-

105 1361 253 1420 pugnabatur.
285 1360 348 1410 Iuter
366 1363 415 1409 baec
437 1363 497 1408 trina
517 1368 590 1408 cmtra
607 1361 705 1408 bostium
728 1361 778 1408 Sci-

105 1423 192 1485 piones,
205 1441 258 1472 cum
277 1427 301 1475 in
322 1427 399 1475 urbem
417 1427 536 1481 sociorum,
556 1440 641 1488 magno
657 1427 778 1475 oenamine

104 1503 131 1535 ao
146 1496 222 1553 strage
236 1492 397 1547 obsistentium,
409 1492 570 1555 pervenissent,
581 1490 725 1545 frumentum,
737 1508 778 1539 cu-

152 1620 778 1684 n.

585 1652 592 1675 Ι

102 1693 242 1746 pugnantem
254 1686 384 1735 Romanurn
394 1687 518 1734 exercitum
528 1684 643 1739 vidissent,
660 1685 689 1732 ad
704 1694 778 1735 castra

102 1749 202 1797 maxima
217 1753 372 1815 oppugnanda,
388 1752 467 1813 quibus
482 1749 611 1798 Hasdrubal
621 1758 724 1812 praeerat,
736 1751 778 1799 du·

99 1820 164 1861 cunt.
195 1814 284 1863 Eodem
300 1825 324 1863 et
340 1817 384 1864 duo
400 1816 476 1869 duces,
496 1822 520 1862 et
535 1815 580 1861 duo
593 1816 704 1863 exercitus
720 1814 778 1864 Car·

102 1878 285 1941 thaginiensium,
294 1882 324 1928 ibi
335 1896 382 1929 rem
393 1895 504 1928 summam
514 1879 552 1942 agi
562 1886 686 1935 cernentes,
693 1896 777 1928 conve-

102 1951 200 1995 nerunt:
225 1946 300 2007 itaque
320 1946 436 2009 eruptione
454 1961 468 1991 e
489 1943 567 1991 castris
587 1952 713 2006 pugnatum
732 1953 774 1992 est.

103 2007 228 2071 Sexaginta
246 2012 344 2058 hostium
363 2010 432 2057 millis
447 2026 475 2057 eo
491 2009 528 2056 die
545 2009 569 2054 in
585 2007 663 2071 pugna
677 2008 775 2064 fuerunt,

102 2073 217 2121 sexdecim
232 2075 320 2123 circiter
330 2075 458 2132 Romanis:¹
475 2081 551 2121 tnmen
565 2073 621 2119 adeo
638 2073 698 2119 baud
711 2073 777 2121 dubia

99 2138 198 2186 victoria
217 2139 268 2195 fuit,
286 2148 312 2186 ut
332 2142 406 2203 plures
425 2153 526 2192 numero,
544 2149 616 2199 quam
638 2138 680 2207 ipsi
703 2145 774 2192 erant,

99 2202 202 2251 Romani
221 2205 318 2252 bostium
340 2205 476 2253 occiderint:
503 2202 602 2264 ceperint
620 2202 716 2263 amplius
734 2203 777 2251 tria

99 2268 171 2315 millia
192 2270 316 2324 bominum,
339 2270 405 2333 paulo
424 2270 499 2315 miuus
517 2266 578 2313 mille
598 2281 714 2327 equorum,
733 2282 777 2314 un·
814 2264 831 2288 ⁴

98 2332 247 2396 desexaginta
257 2334 360 2382 militaria
367 2335 438 2397 signa,
450 2332 573 2394 elephantis
581 2332 707 2393 quinquein
714 2346 777 2394 proe-

98 2397 130 2443 lio
146 2399 240 2447 occisis:
260 2400 368 2461 trinisque
383 2398 462 2447 castris
477 2413 505 2443 eo
519 2396 555 2443 die
568 2397 634 2457 potiti
648 2403 707 2443 sunt.
743 2394 776 2443 11-

100 2462 179 2525 liturgr
199 2464 313 2511 obsidione
329 2464 429 2516 liberato,
448 2462 477 2509 ad
494 2460 578 2507 Intibili
599 2460 774 2524 oppugnandum

103 2526 185 2574 Punici
200 2530 312 2577 exercitus
326 2528 457 2581 transducti,
472 2526 580 2589 suppletis
593 2527 664 2588 copiis
679 2540 709 2573 ex
722 2541 776 2588 pro-

89 2590 184 2648 ,rincid
202 2600 229 2642 ut
242 2610 294 2657 quse
314 2594 411 2642 maxime
429 2592 530 2639 omnium
547 2590 600 2639 belli
617 2588 688 2646 avidi,
707 2589 775 2637 modo
