1809 2950
145 175 150 179 ·
181 139 311 201 1⁸.less
327 139 467 200 LmXXI·
487 139 546 193 Cur,
561 146 601 204 10,
675 148 720 194 241

54 271 121 318 nullo
133 269 194 316 iuter
209 285 271 321 arma
285 285 420 332 corporaque
436 284 495 316 vano
510 270 653 317 intercidente
669 272 720 318 telo.

56 335 160 384 Fumea
166 342 215 383 erat
224 335 359 396 Saguntinis,
367 334 450 379 missile
458 334 534 388 telum,
544 335 616 379 hastili
623 335 724 396 abiegno,

57 407 81 446 et
91 407 176 446 caetera
187 400 258 451 tereti,
270 409 416 460 praeterquam
426 399 455 444 ad
466 405 597 451 extremum,
612 399 670 444 unde
680 399 725 454 fer-¹

56 480 108 513 rum
129 465 246 510 exstabat:
264 464 294 517 id,
312 465 369 508 sicut
387 464 410 507 in
428 463 473 523 pilo
490 463 627 522 quadratum,
646 460 725 524 stuppli

57 528 250 589 circumligabant,
273 527 412 586 linebantque
432 528 488 588 pice
535 525 628 572 Ferrum
650 534 724 572 sutem

58 601 104 640 tres
114 593 211 654 longum
222 593 313 637 habebut
329 592 402 652 pedes,
420 600 445 637 ut
457 605 507 637 cum
518 591 585 636 armis
596 589 726 652 transfigere

58 672 141 718 corpus
152 663 237 716 posset
272 656 317 702 Sed
326 655 349 700 id
363 657 465 708 maxime,
483 656 568 702 etiamsi
585 655 686 702 baesisset
701 655 724 699 in

58 729 132 774 scuto,
150 735 193 766 nec
203 717 339 781 penetrtlsset
355 721 378 764 in
392 735 479 781 corpus,
496 735 601 781 pavorem
615 719 724 776 faciebat;

58 785 127 846 quod,
139 800 194 830 cum
205 784 300 830 medium
311 799 428 830 accensum
438 785 568 837 mitteretur,
581 791 725 845 conceptum-

58 865 102 910 que
117 849 168 910 ipso
187 857 249 894 motu
267 849 337 894 multo
354 850 459 910 majorem
478 850 553 910 ignem
570 848 643 902 ferret,
663 863 725 894 arma

57 913 133 960 omitti
153 913 254 974 cogebat,
277 913 403 973 nudumque
421 913 513 959 militem
534 913 561 959 ad
582 913 724 974 insequentes

57 978 118 1024 ictus
129 972 253 1038 praebebat.¹
500 1006 504 1010 -
669 999 670 1002 ¹

91 1040 142 1088 lx.
163 1039 223 1088 Cum
235 1041 272 1087 diu
283 1056 364 1103 anceps
373 1041 451 1087 fuisset
466 1048 583 1094 certarnen,
601 1050 624 1088 et
635 1043 723 1102 Sagun-

58 1107 121 1158 tinis,
139 1105 192 1167 quia
201 1114 282 1166 praeter
293 1121 354 1166 spem
365 1106 498 1158 resisterent,
510 1105 632 1151 crevissent
642 1107 723 1162 animi;

59 1171 157 1223 Poenus,
170 1171 276 1230 quianon
286 1171 382 1223 vicisset,
394 1185 435 1230 pro
445 1170 505 1216 victo
516 1175 587 1226 esset;
605 1170 723 1216 clamorem

59 1241 153 1298 rqsente
170 1233 270 1295 oppidani
285 1234 372 1286 tollunt,
389 1235 519 1294 hostemque
538 1234 560 1278 in
576 1235 650 1282 ruinas
667 1234 724 1280 muri

60 1298 192 1360 expellunt;
219 1296 270 1343 inde
290 1298 419 1359 impeditum
440 1299 627 1358 trepidantemque
648 1305 725 1344 extur-

59 1365 129 1420 bant3
146 1369 259 1423 postremo
266 1361 341 1408 fusum
350 1361 495 1423 fugatumque
502 1363 525 1407 in
533 1371 604 1408 castra
612 1361 722 1422 redigunt.

63 1427 159 1474 Interim
177 1427 204 1472 ab
222 1424 297 1472 Romi
314 1425 401 1489 legatos
419 1427 508 1472 venisse
528 1427 653 1470 nuntiatum
673 1431 722 1479 ests

63 1494 142 1553 qmbus
153 1492 241 1538 obviam
251 1492 278 1537 ad
288 1506 349 1538 mare
359 1492 420 1537 missi
430 1491 457 1536 ab
469 1489 600 1542 Hannibale,
617 1489 655 1548 qui
666 1489 726 1534 dice-

64 1565 119 1611 rent,
138 1571 180 1602 nec
190 1563 240 1601 tuto
250 1571 289 1601 eos
299 1556 396 1601 adituros
410 1556 468 1599 inter
481 1560 515 1599 tot
529 1560 574 1597 tam
587 1550 724 1599 efferatarum

62 1622 164 1682 gentium
180 1634 243 1667 arma
249 1637 258 1676 ;
275 1635 315 1666 nec
333 1618 461 1670 Hannibali,
480 1618 502 1663 in
518 1624 581 1662 tanto
599 1616 724 1671 discrimine

63 1700 145 1735 renim,
169 1699 243 1745 operae
263 1699 312 1730 esse
330 1683 453 1745 legationes
473 1681 555 1728 audire.
590 1680 723 1743 Apparebat,
773 1698 779 1707 ¹

63 1764 108 1794 non
127 1748 236 1795 admissos
254 1749 353 1809 protinus
371 1746 529 1807 Carthaginem
548 1746 631 1797 ituros:
651 1744 725 1791 literas

62 1814 131 1874 igitur
142 1813 277 1872 nuntiosque
287 1812 314 1858 od
324 1812 432 1874 principes
441 1811 544 1857 factionis
554 1808 657 1857 Barcinae
666 1824 725 1871 prae·

63 1878 138 1931 mittit,
156 1885 182 1922 ut
192 1885 339 1937 praepararent
354 1892 445 1922 suorum
457 1876 549 1929 animos,
567 1874 658 1936 nequid
674 1888 724 1936 pars

63 1941 132 1988 altera
141 1939 261 2003 gratificari
270 1957 309 2002 pro
320 1941 429 1987 Romanis
438 1946 521 2002 posset

96 2004 129 2051 X.
148 2004 236 2065 ltaque,
248 2012 404 2066 ,praeterquam
426 2004 484 2064 quod
505 2004 593 2051 admissi
614 2003 727 2066 auditique,

63 2077 122 2123 sunt,
135 2084 162 2115 ea
171 2084 261 2129 quoque
271 2084 328 2115 vana
336 2075 403 2129 atque
412 2068 473 2115 irrita
483 2068 564 2130 legatio
574 2068 622 2115 luit.
658 2067 725 2113 Han-

63 2149 92 2179 no
106 2148 174 2186 unus,
186 2134 278 2179 adverso
289 2141 373 2185 senatu,
385 2148 473 2179 causam
482 2132 578 2185 foederis,
596 2145 678 2191 msgno
695 2130 726 2177 si-

63 2198 131 2244 lentio
141 2205 233 2259 propter
246 2198 397 2243 auctoritatem
408 2212 477 2249 suam,
495 2212 540 2241 non
554 2208 669 2241 assensum
685 2208 725 2238 au-
786 2248 790 2255 Ι

63 2262 179 2314 niensium,
197 2262 259 2323 egit:
286 2260 358 2307 “Per
373 2259 569 2325 Deosxloederum
588 2257 680 2303 arbitros
698 2270 724 2303 ao

63 2333 139 2379 testes,
160 2326 280 2384 monuisse,
297 2325 424 2387 praedixisse
440 2339 471 2377 se,
489 2338 518 2369 ne
528 2319 662 2366 Hamilcaris
672 2334 724 2381 pro-

62 2392 152 2452 geniem
167 2388 204 2449 ‚ad
221 2389 342 2435 exercitum
360 2390 487 2435 mitterent:
511 2400 556 2431 non
575 2397 658 2436 manes,
678 2396 725 2431 uon

63 2455 154 2517 stirpem
172 2454 221 2515 ejus
237 2454 390 2513 conquiescere
405 2453 465 2508 siri;
480 2461 636 2507 necunquam,
653 2445 724 2495 donec

62 2518 180 2579 sanguinis
206 2518 345 2578 nominisque
370 2515 461 2563 Barcini
484 2514 598 2573 quisquam
622 2510 739 2573 supersit,

62 2582 166 2643 quietura
176 2580 280 2629 Romana
294 2581 384 2635 soedera.
418 2579 529 2628 Juvenem
544 2574 674 2637 flagrantem
685 2589 725 2620 cu-

60 2646 136 2709 pidine
147 2645 220 2707 regni,
237 2645 340 2707 viamque
351 2658 418 2692 unam
433 2642 494 2707 adid
504 2646 637 2695 cernentem,
655 2639 680 2693 si,
697 2652 727 2697 est

95 2723 150 2756 vos..
164 2722 191 2755 11.
485 2718 502 2751 r
