1809 2950
210 151 341 205 aurun
357 156 472 205 Lmlx.
492 156 589 207 cres.
627 140 629 145 ’
690 164 735 207 ιιι

60 286 179 333 ineolitru.
199 284 280 336 Immo
285 286 401 354 (Hercule
406 286 426 348 l)
434 287 559 350 produntur
569 304 596 335 ea
606 289 687 343 omnia,
700 287 739 336 dss-¹

61 352 111 397 leto
129 352 175 397 boe
194 351 301 404 enacim,
325 367 372 397 non
391 359 515 399 servantur.
557 352 616 407 Quis
634 355 694 399 enirn
713 368 740 399 ea

61 415 184 463 tuebitur?
202 413 301 462 Imbellis
311 417 415 463 videlicet
425 425 493 477 atque
503 418 594 465 inermis
602 416 741 465 multitudo?

61 487 111 527 tam
127 479 272 542 (Herculell
290 496 357 541 qusm
373 482 520 529 aGullorum·
533 484 617 545 impetu
633 481 742 529 defendit.¹

62 544 106 591 An
117 560 131 589 ι
142 544 208 590 Veiis
221 546 346 591 exercitum
358 544 523 608 Camillumque
536 548 619 593 ducem
634 546 741 607 implora·

61 608 139 655 bunt?
157 608 206 655 Hic
215 625 293 656 omues
304 626 355 672 spes
366 627 463 672 opesque
478 619 538 666 sunt,
556 628 610 673 quar
622 610 739 663 servando,

62 674 161 735 petrium
177 689 306 720 servamus:
325 676 426 722 dedendo
437 677 465 723 ad
476 692 561 730 necem,
571 678 664 739 patriam
676 675 740 722 dese·

64 738 137 783 rimus
147 754 176 784 ac
189 739 312 801 prodimus.
347 740 381 786 At
390 740 455 787 foeda·
462 750 527 803 atque
541 742 691 803 ignominiosa
702 740 741 785 de·'

64 802 122 849 ditio
129 811 173 849 eat.
200 804 246 850 Sed
256 819 284 866 ee
293 804 373 850 caritas
383 807 462 866 patrioe
473 814 514 861 est,
527 814 606 853 uttam
616 801 741 869 ignominiis

62 882 124 919 um.
135 882 205 927 quarn
216 875 289 915 morte
299 868 382 922 nostrl,
391 871 481 933 ,si-opus
490 872 526 924 sit,
539 886 660 919 servemus
681 870 740 917 Sub·

62 940 131 978 eatur
149 947 207 993 ergo
226 932 276 985 ists,
292 941 471 995 quantacumque
490 943 531 988 est,
555 936 692 998 indignitas3
716 941 741 979 et

63 1002 172 1059 pareatur
188 998 323 1051 necessitati,
340 1013 406 1058 qusm
422 1014 451 1043 ne
466 998 507 1043 Dii
521 1000 610 1059 quidem
625 1005 737 1061 superant

64 1060 111 1113 lte,
130 1061 244 1111 consides,
261 1060 362 1107 redimite
380 1063 448 1108 armis
466 1062 591 1113 civitatem·
603 1078 669 1121 quam
686 1076 741 1109 auro

64 1126 164 1187 majores
176 1124 245 1169 ⁷uestri
256 1123 424 1169 redemerunt.”

98 1187 132 1235 V.
153 1187 267 1237 Consules
281 1186 375 1248 profecti
389 1187 418 1233 sd
432 1186 540 1234 Pontium
557 1186 581 1233 in
597 1188 740 1249 colloquium,

63 1269 120 1301 cum
132 1253 160 1299 de
174 1252 261 1299 foedene
271 1252 344 1298 victor
352 1251 455 1317 agitaret,¹
474 1251 591 1314 ungerunt,
604 1253 689 1315 injussu
700 1269 741 1314 pc-

63 1319 114 1381 puli
123 1317 200 1363 foedus
209 1315 257 1362 fieri
268 1331 349 1377 posse:
367 1330 409 1362 uec
420 1318 468 1362 sine
478 1316 591 1363 socialibus
602 1315 742 1363 castimonii·

64 1399 112 1444 que
131 1379 177 1428 alid
191 1381 294 1427 sollenni.
330 1380 411 1440 Itaque
426 1396 480 1435 non,
505 1388 531 1427 ut
549 1382 619 1441 vulgo
639 1381 740 1434 credunt,

64 1446 224 1507 Clmrdiusque
239 1447 306 1493 etiam
321 1446 403 1500 scribit,
420 1446 505 1493 foedere
519 1460 564 1507 pax
576 1444 684 1498 Caudina,
702 1444 742 1492 sed

64 1530 108 1576 per
119 1513 272 1574 sponsionem,
283 1510 342 1557 facta
349 1518 391 1557 est.
412 1511 475 1564 Quid
483 1511 542 1556 enim
550 1517 589 1556 aut
600 1510 743 1570 sponsoribus

64 1581 89 1626 in
98 1577 188 1624 sedere
198 1591 254 1638 opus
265 1584 373 1622 esserum
384 1575 502 1628 obsidibus,
521 1575 557 1621 ubi
568 1574 695 1636 precatione
706 1589 742 1620 res

64 1641 220 1703 transigitur?
235 1657 276 1701 per
292 1657 358 1701 quem
372 1640 480 1702 populum
497 1638 542 1692 fiat,
561 1654 605 1700 quo
622 1639 696 1685 minus
710 1639 744 1685 lo-
761 1676 763 1680 .

64 1709 136 1770 'gibrrs
145 1706 212 1752 dictis
224 1713 301 1758 stetur,
320 1713 345 1752 ut
362 1721 413 1752 eum
429 1705 462 1751 ita
477 1703 566 1766 Jupiter
575 1703 646 1758 feriat,
665 1718 742 1764 quem-

64 1771 193 1820 admodum
211 1785 225 1816 s
241 1769 355 1816 fecishbus
374 1785 457 1832 porcus
472 1769 570 1816 feriatur.
612 1768 743 1830 Spoponde-

64 1844 124 1884 runt
143 1835 255 1888 consides,
279 1835 355 1896 legsn‘,
377 1842 507 1894 quaestores,
529 1834 611 1880 tribuni
629 1833 741 1891 rnilitum3

65 1890 744 2026 wesen

64 2031 170 2083 cialium,
189 2043 236 2075 uon
251 2035 381 2086 exstarent3
397 2036 420 2074 et
433 2037 524 2090 propter
537 2029 683 2076 necessariam
699 2027 744 2074 sce-

66 2097 130 2143 den's
148 2094 278 2141 dilutionem
298 2093 384 2140 obsides
398 2094 464 2140 etiam
484 2094 583 2140 sexcenti
599 2094 684 2154 equites
701 2093 745 2136 im-

67 2160 149 2222 perati,
177 2159 214 2218 qui
236 2159 308 2219 eapite
329 2159 423 2211 luerent,
447 2159 467 2204 si
489 2166 554 2220 pacto
573 2172 620 2203 non
639 2165 741 2202 staretur.

66 2224 175 2285 Tempus
180 2223 232 2268 inde
241 2230 349 2269 statutum
357 2223 468 2269 cedendis
475 2223 593 2276 obsidibus,
602 2219 746 2278 exercituque

68 2289 152 2336 inermi
173 2288 289 2337 mittendo·
328 2287 502 2350 Redintegravit
520 2288 605 2333 luctum
623 2284 648 2330 in
667 2283 745 2330 csstrit

69 2354 193 2400 consulum
203 2353 320 2405 adventus,
339 2359 364 2397 ut
379 2353 419 2398 vix
432 2354 460 2398 ab
474 2353 501 2397 iis
512 2350 647 2397 abstinerent
657 2361 744 2401 manus,

70 2433 172 2480 quorum
190 2417 315 2464 temeritate
332 2417 356 2461 in
375 2432 426 2462 eum
448 2417 524 2462 locum
546 2413 634 2459 deducti
655 2417 746 2468 essent}

71 2477 647 2604 ffimtdttltffflttfflptltsst
658 2475 744 2586 tlt&

240 2595 243 2600 .
400 2577 407 2599 s
739 2573 744 2586 ¹

72 2610 201 2658 bellamus
213 2610 281 2656 modo
293 2625 367 2657 caecos
379 2610 403 2655 in
414 2608 504 2655 foveam
512 2607 600 2652 missos.
634 2604 682 2652 Alii
692 2603 748 2650 allos

71 2675 169 2730 intueri,
185 2673 330 2740 eouoempluri
344 2689 408 2725 arma
420 2687 475 2720 mox
491 2670 603 2729 tradenda,
620 2677 644 2720 et
654 2669 750 2724 inennes
