1809 2950
178 159 209 210 '1¹-
222 158 311 210 LIVII
327 157 380 208 Lu.
394 158 575 213 xxm-cn.
588 163 629 211 25.
690 165 740 214 980

70 291 175 356 pallunt3
192 305 251 353 quae,
262 290 305 338 alia
314 291 338 336 in
347 290 418 344 ulan,
430 290 555 338 instabilem
565 307 640 354 perse
649 293 743 342 acmde

70 359 204 410 haerentem,
224 356 354 410 incidentes,
374 355 465 416 ancipiti
490 363 566 418 strage
583 372 652 411 arma,
671 358 741 413 uuus,

71 435 144 484 equoa
161 422 290 474 obruerunt,
305 420 386 467 utrix
402 420 479 466 decem
494 421 596 468 homines
608 421 742 484 effligereut.

71 485 137 534 Nam
148 500 199 533 cum
210 485 330 532 exanimatl
345 483 445 546 plerique
458 492 534 532 essent
544 487 647 534 arborum
657 487 744 534 truncis
781 513 788 520 ·

70 551 379 614 fragmentisquernmorum,
397 535 501 596 caetieram
517 565 606 611 quoque
619 551 744 598 multitudi-

72 627 135 669 nern,
147 615 261 678 inopinato
271 614 330 660 malo
341 613 455 676 trepidam,
475 614 543 668 Galli,
560 616 641 662 saltum
652 629 743 662 omnem

72 681 154 730 amnti
169 679 361 733 circumsedentes,
379 678 552 737 interfecerunt3
569 681 645 741 paucis
655 687 743 727 etantu

72 742 745 869 intillilutlullllllllitfflffl
793 845 797 856 .

73 877 142 928 nnius,
162 873 223 920 omui
242 874 272 927 vi,
295 888 324 919 ne
343 880 465 934 caperetur,
486 874 599 926 dimicans,
623 874 741 921 occubuitr

74 939 150 1004 spolia
158 939 257 1000 corporis
267 944 377 1000 caputque
387 937 449 984 ducis
460 939 577 998 praecisum
588 938 640 985 Boii
651 945 746 986 ovantes

73 1005 167 1066 templo,
188 1003 247 1064 quod
264 1003 427 1050 sanctissinum
443 1009 478 1048 est
493 1002 552 1064 apud
566 1019 613 1057 eos,
632 1001 742 1050 intuleree

74 1077 173 1134 purgato
183 1069 235 1116 inde
245 1068 323 1130 capite,
336 1075 361 1114 ut
371 1081 421 1113 mos
431 1065 458 1112 iis
466 1073 507 1120 cst,
520 1067 606 1113 calvam
617 1083 671 1114 auro
678 1069 746 1114 caela-

74 1133 142 1182 vdre:
161 1133 229 1194 idque
239 1147 326 1180 sacrum
334 1147 374 1179 vas
384 1131 412 1178 iis
423 1137 477 1184 erat,
489 1146 536 1191 quo
546 1129 681 1178 sollennilius
691 1133 747 1178 liba·

75 1206 143 1246 rent:
162 1199 311 1261 poculumque
321 1197 380 1244 idern
391 1196 500 1243 secerdoti
510 1211 566 1249 esse,
582 1211 608 1242 ac
618 1196 696 1258 templi
705 1209 747 1242 an-

76 1264 172 1311 tiatrllus.
207 1261 289 1309 Praeda
307 1277 395 1323 quoque
412 1261 471 1307 haud
489 1261 563 1307 minor
579 1261 658 1314 Gallis,
678 1275 747 1320 quarn

77 1328 179 1381 victorie
188 1326 246 1374 iuitr
265 1341 317 1374 nam
328 1327 368 1376 etsi
380 1340 463 1388 magna
471 1340 523 1388 pars
533 1325 660 1372 animalium
672 1331 748 1386 strage

79 1394 143 1440 divae
154 1405 259 1454 oppressa
269 1397 322 1444 erat,
335 1397 411 1438 tamen
421 1398 510 1436 caeterae
521 1405 564 1443 res,
575 1389 628 1450 quia
638 1388 693 1434 nihil
702 1388 748 1434 dis-

79 1459 176 1521 aipetum
186 1454 242 1519 fugi
251 1462 293 1511 est,
312 1463 388 1503 anates
398 1468 538 1518 peromnem
545 1454 641 1518 jacentis
651 1453 748 1516 agminis

79 1522 180 1571 ordinem
191 1524 289 1569 inventae
300 1528 360 1567 sant

113 1586 197 1634 XXV.
217 1585 270 1633 Hac
278 1582 379 1632 nuntiati
387 1584 455 1638 clade,
468 1599 568 1646 comper
578 1584 625 1629 dies
632 1583 716 1629 multos
722 1581 748 1629 in

80 1658 144 1701 tanto
154 1666 237 1713 pavore
247 1650 326 1697 luisset
336 1650 421 1701 civitas,
434 1658 467 1703 ut,
479 1650 576 1695 tabernis
586 1648 673 1701 clausis,
684 1643 749 1693 velint

80 1714 191 1764 nocturni
202 1715 320 1762 solitudine
329 1728 369 1777 per
379 1714 456 1759 urbem
471 1712 527 1767 acti,
544 1720 634 1759 senatus
648 1712 749 1759 aedilibus

80 1781 196 1845 negotium
208 1780 276 1833 daret,
289 1786 314 1825 ut
325 1780 401 1825 urbem
411 1778 560 1831 circumirent,
578 1778 700 1840 aperirique
714 1784 749 1824 ta-

80 1848 167 1900 bernas,
184 1852 207 1893 et
221 1844 335 1891 moestitiae
348 1843 442 1905 publicae
453 1843 549 1904 speciem
560 1844 607 1889 urbi
618 1842 677 1889 demi
682 1843 749 1905 jubo-

81 1918 147 1959 rantr
167 1918 215 1956 tum
226 1908 263 1955 Ti.
277 1908 422 1969 Sempronius
433 1914 534 1964 senatum
549 1907 632 1961 habuit,
646 1907 749 1954 consola-

81 1982 164 2037 tusque
175 1972 255 2021 Patres
265 1980 307 2027 ert,
320 1981 342 2019 et
353 1972 488 2025 adhortatus,
507 1979 523 2002 “
534 1986 570 2026 ue,
586 1974 624 2033 qui
635 1971 750 2021 Cannensi

81 2041 155 2089 nduae
167 2054 213 2085 non
225 2037 398 2091 succubuissent,
410 2036 438 2083 ad
448 2038 546 2084 minores
555 2038 691 2084 calamitates
701 2037 750 2083 ani-

81 2120 133 2153 mos
144 2104 305 2151 submitterent.
342 2101 410 2156 Quod
427 2102 455 2149 ad
467 2099 663 2164 canuap'menes
673 2103 750 2147 hoste·

82 2169 280 2228 Hannibalemque
288 2164 398 2231 [attinet]
410 2182 515 2229 prospera
521 2166 590 2215 modo
597 2172 679 2217 essent,
692 2166 751 2210 sicud

82 2242 183 2299 speraret
192 2232 274 2285 lutura,
288 2230 399 2279 Gallicum
409 2232 492 2278 bellum
503 2238 526 2277 et
537 2231 609 2276 omitti
620 2235 670 2274 tuto
677 2235 701 2274 et
708 2226 751 2274 dii-

80 2300 136 2347 ferri
145 2314 227 2361 posse:
246 2296 397 2359 ultionemque
411 2310 461 2342 eam
474 2295 557 2341 haurds
571 2294 594 2338 in
605 2292 709 2339 Deorum
724 2306 751 2340 so

80 2364 160 2429 populi
170 2363 269 2410 Romani
278 2368 388 2424 potestate
396 2360 452 2407 iore.
488 2358 528 2405 De
538 2360 603 2405 hoste
613 2356 694 2411 Poeno,
711 2370 752 2405 ex-

80 2430 238 2489 ercitibusque,
250 2442 290 2489 per
297 2441 354 2487 quos
364 2426 387 2473 id
396 2426 478 2473 bellum
489 2430 611 2485 gereretur,
623 2420 752 2468 consultan-
843 2444 846 2448 ,

82 2496 139 2543 dum
147 2500 214 2554 atque
221 2488 377 2555 agitandumst
410 2488 464 2551 Ipse
473 2489 577 2550 primum,
589 2487 642 2547 quid
651 2486 751 2549 pediturn

81 2560 237 2620 equitumque,
246 2556 299 2617 quid
306 2556 395 2608 civium,
401 2554 454 2615 quid
462 2554 572 2601 cocionum
578 2553 602 2597 in
610 2552 709 2598 exercitu
715 2565 752 2604 es-

14 2674 17 2683 ,
80 2622 246 2675 setdictatoris,
256 2620 365 2668 dissentit·
383 2615 753 2677 TumMarcellussuarumcopiaa

81 2685 364 2749 rumsuurmamenposu‘u·
375 2679 753 2745 Quidinnpulitcumffl'erentio

450 2751 524 2796 21.ss
