1809 2950
176 139 308 191 nulvn
325 140 377 190 Lm.
392 141 480 190 uun.
490 142 559 192 ‘Cre
573 148 612 193 5⁶.
679 149 725 194 85}

59 271 118 320 simu
129 271 210 332 prselio
221 271 293 318 novati
301 279 422 332 acceptam,
433 268 633 332 quttrsnissussit
639 287 666 321 sc
674 275 728 322 Ser·

59 333 120 382 sinit
130 331 225 388 cessere,
241 335 292 381 tunc
307 336 427 397 vectigales
441 351 468 382 ac
483 337 635 398 stipendiarios
644 337 692 384 tisri
702 353 729 390 se

58 400 119 460 passi
130 399 207 447 sunti‘
216 406 255 446 aut
265 415 363 460 pugnam
371 401 486 447 sdvermm
494 400 610 456 inAfrici,
621 402 728 463 cuipost

58 479 85 510 ea
96 464 133 509 hic
144 464 192 526 ipse
202 461 316 510 Hannibal
326 465 459 512 succubuit?
475 465 535 513 nult
545 481 575 512 ex
586 473 650 528 parte
664 481 728 512 com·

58 527 165 590 parandae
176 535 234 581 sunt,
248 528 290 574 nisi
300 529 360 588 quod
370 529 456 576 minore
466 531 540 576 animo
550 531 602 576 istm
611 538 672 580 sunt.

91 590 147 640 LV.
167 591 195 638 P.
205 591 287 638 Furius
298 591 375 640 Philus
386 602 409 639 et
419 593 513 642 Manius
522 593 662 656 Pomponius
668 610 728 656 prae·

58 664 121 702 tores
132 663 233 702 senatum
243 657 267 702 in
279 657 361 704 curiam
373 657 496 706 Hostiliam
505 667 650 712 vocaverunt,
664 667 690 706 ut
699 659 731 714 de

58 720 120 768 urbis
137 719 237 767 crrstodii
252 721 404 768 consulerent:
429 738 502 784 neque
517 725 577 770 enim
592 724 727 778 dubitabant

58 785 139 834 deletis
148 786 288 839 exercitibus,
304 786 390 834 hostem
401 787 429 834 nd
439 789 610 850 oppugnandam
620 786 726 842 Roman,

58 850 120 910 quod
131 863 201 896 unum
216 865 272 911 opus
286 850 337 896 beili
352 858 450 906 restaret,
466 863 592 900 ventunrm.
627 851 689 901 Cum
703 854 728 898 in

58 913 131 966 maiis,
148 914 205 962 sicut
215 914 349 976 ingentibus,
365 916 396 962 ita
406 916 497 977 ignotis,
513 932 542 962 ne
552 917 668 964 consilium
678 918 728 978 qui-

57 978 110 1042 dem
119 979 174 1025 satis
182 979 317 1040 expedirent,
328 979 507 1041 obstreperetque
514 981 597 1027 obruor
604 982 728 1035 lamentari«,

56 1043 115 1091 tium
126 1043 252 1098 mulierum,
266 1051 296 1096 et,
308 1043 407 1090 nondum
418 1043 490 1106 palmn
499 1044 566 1097 sacto,
578 1045 624 1090 vivi
634 1047 728 1092 mortui-

56 1122 101 1167 que
111 1123 153 1169 per
163 1121 241 1154 omnes
252 1123 316 1169 paene
331 1109 410 1155 domos
424 1109 550 1170 promiscue
563 1109 728 1169 complanaren-

56 1178 109 1229 tur;
127 1179 176 1218 tum
189 1171 220 1226 Q,
233 1171 314 1218 Fabius
325 1172 442 1220 Maximus
452 1173 546 1226 censuit,
561 1173 673 1232 “equites
686 1188 728 1219 sx-

55 1237 145 1297 peditos
156 1243 179 1282 et
190 1234 265 1297 Appii
275 1244 298 1282 et
308 1235 391 1283 Latini
401 1235 438 1286 vii
447 1238 575 1290 mittendos,
587 1237 632 1296 qui,
647 1238 727 1284 obvios

54 1301 209 1363 percontando
220 1301 306 1360 sliquos
320 1301 432 1362 profectos
447 1317 477 1348 ex
489 1300 551 1364 fugi,
566 1301 649 1365 passim
661 1301 728 1348 disei-

53 1372 128 1427 mtos,
148 1364 208 1412 forte
226 1365 329 1419 referent,
349 1381 400 1426 quas
417 1366 508 1414 fortune
525 1367 643 1414 nomnium
659 1372 729 1425 stqus

53 1430 196 1477 exercituum
213 1431 257 1488 sit3
279 1437 303 1477 et
317 1430 336 1477 si
352 1431 406 1491 quid
417 1430 458 1479 Dii
474 1431 616 1485 immortales,
634 1428 728 1477 miseriti

53 1495 150 1557 imperii,
168 1495 277 1556 reliquum
292 1494 397 1543 Romano
416 1496 501 1543 nomini
519 1496 619 1549 fecerint,
640 1495 676 1541 ubi
691 1509 727 1542 ete

54 1560 128 1621 eopiae
139 1560 198 1609 sint:
216 1575 259 1621 quo
269 1576 293 1606 se
301 1559 416 1607 Hannibal
422 1567 474 1623 post
481 1561 584 1622 proelium
592 1559 724 1606 contuleritz

53 1624 110 1685 quid
123 1631 195 1686 paret,
212 1624 265 1684 quid
279 1632 338 1687 aget,
355 1633 490 1686 acturusque
503 1625 538 1671 sit.
574 1623 635 1671 Haec
648 1622 727 1685 explo-

53 1688 124 1735 randa
140 1689 294 1749 noscendaque
306 1704 346 1750 per
359 1690 468 1751 impigros
478 1690 574 1751 Juvenes
588 1704 650 1735 esse:
672 1687 728 1736 illuri

52 1768 94 1815 per
114 1752 196 1799 Patres
214 1754 273 1814 ipsos
292 1754 409 1814 agendum,
432 1754 537 1814 quoniam
556 1754 726 1815 magistrstuum

52 1830 134 1879 pamm
141 1817 182 1871 tsit,
199 1826 227 1864 ut
235 1818 355 1863 tunnultum
370 1834 395 1865 se
406 1818 574 1879 trepidationem
585 1819 608 1863 in
620 1818 673 1864 urbe
682 1817 727 1863 tol-

51 1881 109 1934 lant,
119 1888 234 1929 matronas
238 1882 326 1943 publico
333 1890 430 1934 arceant,
438 1883 590 1943 continerique
595 1883 654 1928 intra
660 1894 727 1929 suum

53 1960 166 2007 quemque
175 1946 244 1991 limen
251 1952 347 2007 cogant:
365 1946 514 2007 comploratus
520 1946 653 1993 familiarum
660 1946 726 1993 cobr-

53 2017 133 2057 oeant:
156 2010 267 2056 silentium
284 2025 323 2071 per
339 2011 414 2057 urbem
429 2010 523 2057 facient:
543 2012 633 2058 nuntios
649 2026 724 2057 rerum

55 2075 156 2123 emnium
168 2074 196 2121 ad
206 2080 313 2135 praetores
321 2074 461 2121 deducendos
469 2084 558 2122 curent:
576 2090 623 2121 suae
631 2075 727 2134 quisque

53 2137 154 2187 tortunae
165 2139 225 2185 dorni
234 2146 346 2185 auctorem
355 2146 496 2200 exspectent:
513 2138 661 2198 custodesque
667 2153 726 2198 prae-

54 2210 117 2252 terea
135 2203 164 2249 sd
182 2210 257 2263 portas
275 2211 366 2265 ponant,
389 2204 426 2264 qui
444 2204 573 2265 prohibeant
591 2215 725 2262 quemquam
821 2201 826 2210 ‘
858 2195 864 2207 ’

54 2268 133 2329 egredi
144 2268 235 2324 urbem3
252 2275 378 2329 cogantque
391 2268 493 2314 homines
507 2267 598 2318 nullam,
614 2264 657 2309 nisi
671 2265 726 2310 urbe
784 2299 787 2302 -

54 2346 81 2383 sc
92 2331 205 2379 moenibus
215 2332 288 2385 salvis,
302 2332 394 2379 euntem
406 2346 500 2395 sperare·
536 2329 582 2376 bui
593 2327 725 2375 conticuerit

54 2395 172 2448 tumultus,
193 2403 252 2443 recte
271 2404 318 2443 tum
337 2396 360 2441 in
379 2396 463 2443 curIsm
481 2392 561 2440 Petrcs
578 2392 724 2446 resonandos,

54 2460 261 2522 consideratumque
270 2461 367 2507 deurbis
378 2456 479 2506 custodit
488 2455 564 2503 esse”

54 2528 64 2571 3
86 2522 155 2571 LVI.
182 2522 241 2573 Cum
262 2526 286 2571 in
308 2526 365 2572 banc
384 2524 516 2573 sententiam
534 2521 626 2583 pedibus
643 2533 724 2567 omnes

53 2584 132 2641 issent,
144 2587 347 2650 submoniqueforo
357 2604 396 2651 per
406 2588 550 2649 magistratus
560 2582 631 2638 turbb,
643 2583 738 2651 Patres-

55 2653 136 2703 riiversi
148 2652 176 2703 ad
186 2654 297 2704 sedandos
311 2652 420 2701 tumultus
434 2650 602 2709 discesmscnt3
620 2656 670 2700 turn
684 2648 725 2695 de-
