<?xml version="1.0" encoding="UTF-8"?>
<!DOCTYPE html PUBLIC "-//W3C//DTD XHTML 1.0 Transitional//EN"
    "http://www.w3.org/TR/xhtml1/DTD/xhtml1-transitional.dtd">
<html xmlns="http://www.w3.org/1999/xhtml" xml:lang="en" lang="en">
 <head>
  <title>
</title>
<meta http-equiv="Content-Type" content="text/html;charset=utf-8" />
  <meta name='ocr-system' content='tesseract 3.04.00' />
  <meta name='ocr-capabilities' content='ocr_page ocr_carea ocr_par ocr_line ocrx_word'/>
</head>
<body>
  <div class='ocr_page' id='page_1' title='image "./tliviipatavinih02caregoog_0075.png"; bbox 0 0 1809 2950; ppageno 0'>
   <div class='ocr_carea' id='block_1_1' title="bbox 164 135 697 200">
    <p class='ocr_par' dir='ltr' id='par_1_1' title="bbox 164 135 697 200">
     <span class='ocr_line' id='line_1_1' title="bbox 164 135 697 200; baseline -0.011 -5"><span class='ocrx_word' id='word_1_1' title='bbox 164 151 198 195; x_wconf 69' lang='grc'><strong>84</strong></span> <span class='ocrx_word' id='word_1_2' title='bbox 239 184 245 198; x_wconf 93' lang='grc'>.</span> <span class='ocrx_word' id='word_1_3' title='bbox 292 135 697 200; x_wconf 71' lang='grc' dir='ltr'><strong>Τ.ῑ.ΙἯῙΙ.ιι.ἯΠ-οιι.8.</strong></span> 
     </span>
    </p>
   </div>
   <div class='ocr_carea' id='block_1_2' title="bbox 165 267 847 2714">
    <p class='ocr_par' dir='ltr' id='par_1_2' title="bbox 165 267 836 785">
     <span class='ocr_line' id='line_1_2' title="bbox 165 267 836 337; baseline -0.009 -15"><span class='ocrx_word' id='word_1_4' title='bbox 165 275 258 331; x_wconf 63' lang='lat' dir='ltr'><strong>tinctam</strong></span> <span class='ocrx_word' id='word_1_5' title='bbox 282 281 378 337; x_wconf 73' lang='lat' dir='ltr'><strong>repente,</strong></span> <span class='ocrx_word' id='word_1_6' title='bbox 399 279 516 335; x_wconf 81' lang='lat' dir='ltr'><strong>postqum</strong></span> <span class='ocrx_word' id='word_1_7' title='bbox 532 271 619 318; x_wconf 83' lang='lat' dir='ltr'><strong>oerrioe</strong></span> <span class='ocrx_word' id='word_1_8' title='bbox 635 267 695 317; x_wconf 68' lang='lat' dir='ltr'><strong>crasi</strong></span> <span class='ocrx_word' id='word_1_9' title='bbox 710 268 777 316; x_wconf 75' lang='lat' dir='ltr'><strong>firm</strong></span> <span class='ocrx_word' id='word_1_10' title='bbox 796 275 836 316; x_wconf 83' lang='lat' dir='ltr'><strong>est</strong></span> 
     </span>
     <span class='ocr_line' id='line_1_3' title="bbox 165 339 835 398; baseline -0.006 -14"><span class='ocrx_word' id='word_1_11' title='bbox 165 353 238 392; x_wconf 87' lang='lat' dir='ltr'><strong>cruor,</strong></span> <span class='ocrx_word' id='word_1_12' title='bbox 255 346 303 384; x_wconf 83' lang='lat' dir='ltr'><strong>tum</strong></span> <span class='ocrx_word' id='word_1_13' title='bbox 318 339 386 385; x_wconf 82' lang='lat' dir='ltr'><strong>bbere</strong></span> <span class='ocrx_word' id='word_1_14' title='bbox 400 344 523 398; x_wconf 81' lang='lat' dir='ltr'><strong>conquestu</strong></span> <span class='ocrx_word' id='word_1_15' title='bbox 537 343 621 383; x_wconf 80' lang='lat' dir='ltr'><strong>ooortae</strong></span> <span class='ocrx_word' id='word_1_16' title='bbox 639 349 707 381; x_wconf 86' lang='lat' dir='ltr'><strong>voees</strong></span> <span class='ocrx_word' id='word_1_17' title='bbox 722 340 785 388; x_wconf 86' lang='lat' dir='ltr'><strong>sunt,</strong></span> <span class='ocrx_word' id='word_1_18' title='bbox 806 342 835 380; x_wconf 86' lang='lat' dir='ltr'><strong>ut</strong></span> 
     </span>
     <span class='ocr_line' id='line_1_4' title="bbox 165 399 831 464; baseline -0.009 -14"><span class='ocrx_word' id='word_1_19' title='bbox 165 419 237 464; x_wconf 82' lang='lat' dir='ltr'><strong>neque</strong></span> <span class='ocrx_word' id='word_1_20' title='bbox 256 403 365 456; x_wconf 84' lang='lat' dir='ltr'><strong>lamentis,</strong></span> <span class='ocrx_word' id='word_1_21' title='bbox 391 417 463 462; x_wconf 86' lang='lat' dir='ltr'><strong>neque</strong></span> <span class='ocrx_word' id='word_1_22' title='bbox 483 399 668 446; x_wconf 68' lang='lat' dir='ltr'><strong>exsecrationrbrs</strong></span> <span class='ocrx_word' id='word_1_23' title='bbox 685 405 831 460; x_wconf 68' lang='lat' dir='ltr'><strong>percomta</strong></span> 
     </span>
     <span class='ocr_line' id='line_1_5' title="bbox 165 463 834 529; baseline -0.01 -14"><span class='ocrx_word' id='word_1_24' title='bbox 165 469 285 529; x_wconf 84' lang='lat' dir='ltr'><strong>spoliisque</strong></span> <span class='ocrx_word' id='word_1_25' title='bbox 301 474 428 514; x_wconf 86' lang='lat' dir='ltr'><strong>contectum</strong></span> <span class='ocrx_word' id='word_1_26' title='bbox 438 466 529 527; x_wconf 81' lang='lat' dir='ltr'><strong>juvenis</strong></span> <span class='ocrx_word' id='word_1_27' title='bbox 544 479 630 526; x_wconf 84' lang='lat' dir='ltr'><strong>corpus,</strong></span> <span class='ocrx_word' id='word_1_28' title='bbox 647 472 756 524; x_wconf 82' lang='lat' dir='ltr'><strong>qrrannnn</strong></span> <span class='ocrx_word' id='word_1_29' title='bbox 772 463 834 508; x_wconf 88' lang='lat' dir='ltr'><strong>mili·</strong></span> 
     </span>
     <span class='ocr_line' id='line_1_6' title="bbox 165 528 833 589; baseline -0.01 -11"><span class='ocrx_word' id='word_1_30' title='bbox 165 533 248 578; x_wconf 84' lang='lat' dir='ltr'><strong>taribua</strong></span> <span class='ocrx_word' id='word_1_31' title='bbox 259 532 336 580; x_wconf 85' lang='lat' dir='ltr'><strong>studiis</strong></span> <span class='ocrx_word' id='word_1_32' title='bbox 345 530 413 577; x_wconf 83' lang='lat' dir='ltr'><strong>lanus</strong></span> <span class='ocrx_word' id='word_1_33' title='bbox 423 531 493 577; x_wconf 90' lang='lat' dir='ltr'><strong>ullum</strong></span> <span class='ocrx_word' id='word_1_34' title='bbox 500 528 647 576; x_wconf 83' lang='lat' dir='ltr'><strong>concelebrari</strong></span> <span class='ocrx_word' id='word_1_35' title='bbox 653 535 734 589; x_wconf 83' lang='lat' dir='ltr'><strong>potest,</strong></span> <span class='ocrx_word' id='word_1_36' title='bbox 743 534 833 572; x_wconf 65' lang='lat' dir='ltr'><strong>macto</strong></span> 
     </span>
     <span class='ocr_line' id='line_1_7' title="bbox 165 591 834 656; baseline -0.01 -13"><span class='ocrx_word' id='word_1_37' title='bbox 165 603 229 643; x_wconf 85' lang='lat' dir='ltr'><strong>extra</strong></span> <span class='ocrx_word' id='word_1_38' title='bbox 238 597 320 642; x_wconf 82' lang='lat' dir='ltr'><strong>vallum</strong></span> <span class='ocrx_word' id='word_1_39' title='bbox 335 611 391 656; x_wconf 85' lang='lat' dir='ltr'><strong>rogo</strong></span> <span class='ocrx_word' id='word_1_40' title='bbox 405 601 551 641; x_wconf 83' lang='lat' dir='ltr'><strong>cremaretur:</strong></span> <span class='ocrx_word' id='word_1_41' title='bbox 571 592 729 652; x_wconf 84' lang='lat' dir='ltr'><strong>Manlianaque</strong></span> <span class='ocrx_word' id='word_1_42' title='bbox 738 591 834 652; x_wconf 78' lang='lat' dir='ltr'><strong>imperia</strong></span> 
     </span>
     <span class='ocr_line' id='line_1_8' title="bbox 167 655 832 722; baseline -0.009 -16"><span class='ocrx_word' id='word_1_43' title='bbox 167 675 212 707; x_wconf 92' lang='lat' dir='ltr'><strong>nou</strong></span> <span class='ocrx_word' id='word_1_44' title='bbox 227 661 250 704; x_wconf 90' lang='lat' dir='ltr'><strong>in</strong></span> <span class='ocrx_word' id='word_1_45' title='bbox 265 661 382 722; x_wconf 72' lang='lat' dir='ltr'><strong>pressanda</strong></span> <span class='ocrx_word' id='word_1_46' title='bbox 396 659 463 705; x_wconf 88' lang='lat' dir='ltr'><strong>modo</strong></span> <span class='ocrx_word' id='word_1_47' title='bbox 473 657 590 710; x_wconf 77' lang='lat' dir='ltr'><strong>borrmda,</strong></span> <span class='ocrx_word' id='word_1_48' title='bbox 607 657 647 704; x_wconf 89' lang='lat' dir='ltr'><strong>aed</strong></span> <span class='ocrx_word' id='word_1_49' title='bbox 656 655 752 717; x_wconf 70' lang='lat' dir='ltr'><strong>ampli</strong></span> <span class='ocrx_word' id='word_1_50' title='bbox 763 655 832 701; x_wconf 83' lang='lat' dir='ltr'><strong>etiam</strong></span> 
     </span>
     <span class='ocr_line' id='line_1_9' title="bbox 166 725 830 785; baseline 0 -15"><span class='ocrx_word' id='word_1_51' title='bbox 166 725 235 770; x_wconf 87' lang='lat' dir='ltr'><strong>tristia</strong></span> <span class='ocrx_word' id='word_1_52' title='bbox 245 725 268 768; x_wconf 92' lang='lat' dir='ltr'><strong>in</strong></span> <span class='ocrx_word' id='word_1_53' title='bbox 279 731 391 785; x_wconf 86' lang='lat' dir='ltr'><strong>posterum</strong></span> <span class='ocrx_word' id='word_1_54' title='bbox 402 731 484 771; x_wconf 73' lang='lat' dir='ltr'><strong>essent.</strong></span> <span class='ocrx_word' id='word_1_55' title='bbox 826 733 830 738; x_wconf 87' lang='grc'><em>“</em></span> 
     </span>
    </p>

    <p class='ocr_par' dir='ltr' id='par_1_3' title="bbox 166 785 847 2714">
     <span class='ocr_line' id='line_1_10' title="bbox 199 785 832 849; baseline 0 -16"><span class='ocrx_word' id='word_1_56' title='bbox 199 786 271 834; x_wconf 76' lang='lat' dir='ltr'><strong>vna</strong></span> <span class='ocrx_word' id='word_1_57' title='bbox 291 787 354 834; x_wconf 80' lang='lat' dir='ltr'>Fecit</span> <span class='ocrx_word' id='word_1_58' title='bbox 369 796 443 836; x_wconf 79' lang='lat' dir='ltr'><strong>samen</strong></span> <span class='ocrx_word' id='word_1_59' title='bbox 458 789 562 834; x_wconf 72' lang='lat' dir='ltr'><strong>atrocitas</strong></span> <span class='ocrx_word' id='word_1_60' title='bbox 574 801 649 849; x_wconf 80' lang='lat' dir='ltr'><strong>poenoe</strong></span> <span class='ocrx_word' id='word_1_61' title='bbox 659 785 832 833; x_wconf 69' lang='lat' dir='ltr'><strong>medianum</strong></span> 
     </span>
     <span class='ocr_line' id='line_1_11' title="bbox 166 849 834 914; baseline -0.001 -16"><span class='ocrx_word' id='word_1_62' title='bbox 166 853 217 899; x_wconf 85' lang='lat' dir='ltr'><strong>duci</strong></span> <span class='ocrx_word' id='word_1_63' title='bbox 228 853 333 898; x_wconf 89' lang='lat' dir='ltr'><strong>militem:</strong></span> <span class='ocrx_word' id='word_1_64' title='bbox 352 860 381 905; x_wconf 77' lang='lat' dir='ltr'><strong>et,</strong></span> <span class='ocrx_word' id='word_1_65' title='bbox 393 853 609 914; x_wconf 77' lang='lat' dir='ltr'><strong>praeterquamquod</strong></span> <span class='ocrx_word' id='word_1_66' title='bbox 618 851 725 898; x_wconf 74' lang='lat' dir='ltr'><strong>custodiae</strong></span> <span class='ocrx_word' id='word_1_67' title='bbox 734 849 834 911; x_wconf 64' lang='lat' dir='ltr'><strong>vigilia·</strong></span> 
     </span>
     <span class='ocr_line' id='line_1_12' title="bbox 166 917 831 977; baseline -0.002 -15"><span class='ocrx_word' id='word_1_68' title='bbox 166 923 244 977; x_wconf 82' lang='lat' dir='ltr'><strong>quest</strong></span> <span class='ocrx_word' id='word_1_69' title='bbox 259 917 313 962; x_wconf 92' lang='lat' dir='ltr'><strong>ordo</strong></span> <span class='ocrx_word' id='word_1_70' title='bbox 324 919 443 964; x_wconf 83' lang='lat' dir='ltr'><strong>stationum</strong></span> <span class='ocrx_word' id='word_1_71' title='bbox 453 917 578 964; x_wconf 68' lang='lat' dir='ltr'><strong>intentioris</strong></span> <span class='ocrx_word' id='word_1_72' title='bbox 592 917 672 977; x_wconf 87' lang='lat' dir='ltr'><strong>ubique</strong></span> <span class='ocrx_word' id='word_1_73' title='bbox 685 929 747 960; x_wconf 65' lang='grc' dir='ltr'><strong>ουτω</strong></span> <span class='ocrx_word' id='word_1_74' title='bbox 760 920 831 967; x_wconf 82' lang='lat' dir='ltr'><strong>erant,</strong></span> 
     </span>
     <span class='ocr_line' id='line_1_13' title="bbox 166 979 832 1034; baseline -0.003 -8"><span class='ocrx_word' id='word_1_75' title='bbox 166 981 191 1026; x_wconf 89' lang='lat' dir='ltr'><strong>in</strong></span> <span class='ocrx_word' id='word_1_76' title='bbox 206 980 284 1027; x_wconf 83' lang='lat' dir='ltr'><strong>ultimo</strong></span> <span class='ocrx_word' id='word_1_77' title='bbox 298 982 365 1027; x_wconf 85' lang='lat' dir='ltr'><strong>etiam</strong></span> <span class='ocrx_word' id='word_1_78' title='bbox 380 982 506 1034; x_wconf 71' lang='lat' dir='ltr'><strong>certamine</strong></span> <span class='ocrx_word' id='word_1_79' title='bbox 524 996 575 1026; x_wconf 82' lang='lat' dir='ltr'><strong>cama</strong></span> <span class='ocrx_word' id='word_1_80' title='bbox 586 981 716 1026; x_wconf 82' lang='lat' dir='ltr'><strong>deseensrrm</strong></span> <span class='ocrx_word' id='word_1_81' title='bbox 726 979 751 1023; x_wconf 90' lang='lat' dir='ltr'><strong>iu</strong></span> <span class='ocrx_word' id='word_1_82' title='bbox 761 979 832 1024; x_wconf 73' lang='lat' dir='ltr'><strong>aden</strong></span> 
     </span>
     <span class='ocr_line' id='line_1_14' title="bbox 167 1043 834 1106; baseline -0.004 -15"><span class='ocrx_word' id='word_1_83' title='bbox 167 1051 208 1098; x_wconf 85' lang='lat' dir='ltr'><strong>eat,</strong></span> <span class='ocrx_word' id='word_1_84' title='bbox 226 1059 253 1092; x_wconf 84' lang='lat' dir='ltr'><strong>ea</strong></span> <span class='ocrx_word' id='word_1_85' title='bbox 267 1046 371 1092; x_wconf 84' lang='lat' dir='ltr'><strong>severitas</strong></span> <span class='ocrx_word' id='word_1_86' title='bbox 385 1044 480 1106; x_wconf 73' lang='lat' dir='ltr'><strong>proficit·</strong></span> <span class='ocrx_word' id='word_1_87' title='bbox 510 1043 565 1090; x_wconf 85' lang='lat' dir='ltr'><strong>Fuit</strong></span> <span class='ocrx_word' id='word_1_88' title='bbox 573 1051 648 1090; x_wconf 82' lang='lat' dir='ltr'><strong>autem</strong></span> <span class='ocrx_word' id='word_1_89' title='bbox 663 1043 722 1090; x_wconf 82' lang='lat' dir='ltr'><strong>cirili</strong></span> <span class='ocrx_word' id='word_1_90' title='bbox 735 1043 834 1088; x_wconf 82' lang='lat' dir='ltr'><strong>maxime</strong></span> 
     </span>
     <span class='ocr_line' id='line_1_15' title="bbox 167 1105 833 1170; baseline -0.006 -14"><span class='ocrx_word' id='word_1_91' title='bbox 167 1109 225 1156; x_wconf 88' lang='lat' dir='ltr'><strong>bello</strong></span> <span class='ocrx_word' id='word_1_92' title='bbox 235 1124 312 1170; x_wconf 81' lang='lat' dir='ltr'><strong>pugna</strong></span> <span class='ocrx_word' id='word_1_93' title='bbox 319 1109 409 1156; x_wconf 85' lang='lat' dir='ltr'><strong>similis:</strong></span> <span class='ocrx_word' id='word_1_94' title='bbox 422 1109 478 1155; x_wconf 89' lang='lat' dir='ltr'><strong>adeo</strong></span> <span class='ocrx_word' id='word_1_95' title='bbox 487 1109 543 1153; x_wconf 84' lang='lat' dir='ltr'><strong>nihil</strong></span> <span class='ocrx_word' id='word_1_96' title='bbox 550 1108 608 1170; x_wconf 90' lang='lat' dir='ltr'><strong>apud</strong></span> <span class='ocrx_word' id='word_1_97' title='bbox 616 1107 710 1155; x_wconf 70' lang='lat' dir='ltr'><strong>latinos</strong></span> <span class='ocrx_word' id='word_1_98' title='bbox 718 1105 833 1153; x_wconf 76' lang='lat' dir='ltr'><strong>dissonm</strong></span> 
     </span>
     <span class='ocr_line' id='line_1_16' title="bbox 168 1170 834 1234; baseline -0.002 -15"><span class='ocrx_word' id='word_1_99' title='bbox 168 1171 310 1219; x_wconf 79' lang='lat' dir='ltr'><strong>abliomanri</strong></span> <span class='ocrx_word' id='word_1_100' title='bbox 324 1189 354 1225; x_wconf 85' lang='lat' dir='ltr'><strong>re,</strong></span> <span class='ocrx_word' id='word_1_101' title='bbox 371 1179 452 1234; x_wconf 80' lang='lat' dir='ltr'><strong>praeter</strong></span> <span class='ocrx_word' id='word_1_102' title='bbox 462 1173 555 1225; x_wconf 85' lang='lat' dir='ltr'><strong>animos,</strong></span> <span class='ocrx_word' id='word_1_103' title='bbox 572 1180 626 1219; x_wconf 76' lang='lat' dir='ltr'><strong>erat·</strong></span> <span class='ocrx_word' id='word_1_104' title='bbox 661 1170 754 1233; x_wconf 72' lang='lat' dir='ltr'><strong>clypeis</strong></span> <span class='ocrx_word' id='word_1_105' title='bbox 768 1178 834 1218; x_wconf 77' lang='lat' dir='ltr'><strong>mter</strong></span> 
     </span>
     <span class='ocr_line' id='line_1_17' title="bbox 168 1234 835 1315; baseline -0.003 -31"><span class='ocrx_word' id='word_1_106' title='bbox 168 1237 267 1284; x_wconf 77' lang='lat' dir='ltr'><strong>Romani</strong></span> <span class='ocrx_word' id='word_1_107' title='bbox 278 1237 312 1282; x_wconf 85' lang='lat' dir='ltr'><strong>usi</strong></span> <span class='ocrx_word' id='word_1_108' title='bbox 323 1244 388 1282; x_wconf 87' lang='lat' dir='ltr'><strong>sunt:</strong></span> <span class='ocrx_word' id='word_1_109' title='bbox 407 1237 492 1289; x_wconf 83' lang='lat' dir='ltr'><strong>deinde,</strong></span> <span class='ocrx_word' id='word_1_110' title='bbox 509 1244 627 1315; x_wconf 82' lang='lat' dir='ltr'><strong>postquam</strong></span> <span class='ocrx_word' id='word_1_111' title='bbox 637 1235 772 1298; x_wconf 79' lang='lat' dir='ltr'><strong>stipendiarii</strong></span> <span class='ocrx_word' id='word_1_112' title='bbox 781 1234 835 1282; x_wconf 71' lang='lat' dir='ltr'><strong>tacti</strong></span> 
     </span>
     <span class='ocr_line' id='line_1_18' title="bbox 169 1300 834 1363; baseline -0.003 -15"><span class='ocrx_word' id='word_1_113' title='bbox 169 1309 229 1356; x_wconf 75' lang='lat' dir='ltr'><strong>naut,</strong></span> <span class='ocrx_word' id='word_1_114' title='bbox 247 1308 309 1348; x_wconf 82' lang='lat' dir='ltr'><strong>scuta</strong></span> <span class='ocrx_word' id='word_1_115' title='bbox 322 1317 363 1363; x_wconf 86' lang='lat' dir='ltr'><strong>pro</strong></span> <span class='ocrx_word' id='word_1_116' title='bbox 377 1301 461 1362; x_wconf 80' lang='lat' dir='ltr'><strong>clypeis</strong></span> <span class='ocrx_word' id='word_1_117' title='bbox 473 1300 559 1347; x_wconf 83' lang='lat' dir='ltr'><strong>secere:</strong></span> <span class='ocrx_word' id='word_1_118' title='bbox 578 1308 608 1353; x_wconf 87' lang='lat' dir='ltr'><strong>et,</strong></span> <span class='ocrx_word' id='word_1_119' title='bbox 626 1302 686 1362; x_wconf 89' lang='lat' dir='ltr'><strong>quod</strong></span> <span class='ocrx_word' id='word_1_120' title='bbox 699 1307 766 1348; x_wconf 82' lang='lat' dir='ltr'><strong>autea</strong></span> <span class='ocrx_word' id='word_1_121' title='bbox 778 1300 834 1362; x_wconf 85' lang='lat' dir='ltr'><strong>pba-</strong></span> 
     </span>
     <span class='ocr_line' id='line_1_19' title="bbox 168 1364 833 1428; baseline -0.002 -16"><span class='ocrx_word' id='word_1_122' title='bbox 168 1366 247 1428; x_wconf 79' lang='lat' dir='ltr'><strong>langes</strong></span> <span class='ocrx_word' id='word_1_123' title='bbox 262 1365 344 1412; x_wconf 86' lang='lat' dir='ltr'><strong>similes</strong></span> <span class='ocrx_word' id='word_1_124' title='bbox 355 1365 514 1418; x_wconf 74' lang='lat' dir='ltr'><strong>Macedonicis,</strong></span> <span class='ocrx_word' id='word_1_125' title='bbox 532 1366 575 1412; x_wconf 89' lang='lat' dir='ltr'><strong>boc</strong></span> <span class='ocrx_word' id='word_1_126' title='bbox 588 1373 666 1426; x_wconf 82' lang='lat' dir='ltr'><strong>postea</strong></span> <span class='ocrx_word' id='word_1_127' title='bbox 680 1364 833 1426; x_wconf 79' lang='lat' dir='ltr'><strong>manipulatim</strong></span> 
     </span>
     <span class='ocr_line' id='line_1_20' title="bbox 169 1428 833 1493; baseline -0.005 -14"><span class='ocrx_word' id='word_1_128' title='bbox 169 1437 254 1479; x_wconf 82' lang='lat' dir='ltr'><strong>structa</strong></span> <span class='ocrx_word' id='word_1_129' title='bbox 263 1431 322 1478; x_wconf 82' lang='lat' dir='ltr'><strong>acies</strong></span> <span class='ocrx_word' id='word_1_130' title='bbox 332 1430 400 1493; x_wconf 85' lang='lat' dir='ltr'><strong>coepit</strong></span> <span class='ocrx_word' id='word_1_131' title='bbox 411 1445 467 1479; x_wconf 88' lang='lat' dir='ltr'><strong>ease.</strong></span> <span class='ocrx_word' id='word_1_132' title='bbox 502 1429 620 1477; x_wconf 83' lang='lat' dir='ltr'><strong>Postremo</strong></span> <span class='ocrx_word' id='word_1_133' title='bbox 627 1430 651 1475; x_wconf 91' lang='lat' dir='ltr'><strong>in</strong></span> <span class='ocrx_word' id='word_1_134' title='bbox 661 1429 736 1492; x_wconf 88' lang='lat' dir='ltr'><strong>plures</strong></span> <span class='ocrx_word' id='word_1_135' title='bbox 744 1428 833 1476; x_wconf 84' lang='lat' dir='ltr'><strong>ordines</strong></span> 
     </span>
     <span class='ocr_line' id='line_1_21' title="bbox 169 1495 833 1559; baseline -0.005 -16"><span class='ocrx_word' id='word_1_136' title='bbox 169 1496 345 1543; x_wconf 68' lang='lat' dir='ltr'><strong>instruebantur:</strong></span> <span class='ocrx_word' id='word_1_137' title='bbox 365 1496 419 1543; x_wconf 92' lang='lat' dir='ltr'><strong>ordo</strong></span> <span class='ocrx_word' id='word_1_138' title='bbox 437 1510 562 1559; x_wconf 77' lang='lat' dir='ltr'><strong>sexagenos</strong></span> <span class='ocrx_word' id='word_1_139' title='bbox 576 1496 663 1549; x_wconf 79' lang='lat' dir='ltr'><strong>milites,</strong></span> <span class='ocrx_word' id='word_1_140' title='bbox 681 1495 737 1541; x_wconf 90' lang='lat' dir='ltr'><strong>dnos</strong></span> <span class='ocrx_word' id='word_1_141' title='bbox 756 1501 833 1541; x_wconf 76' lang='lat' dir='ltr'><strong>senm-</strong></span> 
     </span>
     <span class='ocr_line' id='line_1_22' title="bbox 170 1558 834 1625; baseline -0.003 -18"><span class='ocrx_word' id='word_1_142' title='bbox 170 1562 251 1615; x_wconf 76' lang='lat' dir='ltr'><strong>nones,</strong></span> <span class='ocrx_word' id='word_1_143' title='bbox 268 1562 406 1609; x_wconf 75' lang='lat' dir='ltr'><strong>verrillmium</strong></span> <span class='ocrx_word' id='word_1_144' title='bbox 417 1576 486 1607; x_wconf 89' lang='lat' dir='ltr'><strong>unum</strong></span> <span class='ocrx_word' id='word_1_145' title='bbox 496 1561 596 1607; x_wconf 78' lang='lat' dir='ltr'><strong>babebat.</strong></span> <span class='ocrx_word' id='word_1_146' title='bbox 630 1558 708 1606; x_wconf 83' lang='lat' dir='ltr'><strong>Prima</strong></span> <span class='ocrx_word' id='word_1_147' title='bbox 716 1559 776 1606; x_wconf 81' lang='lat' dir='ltr'><strong>acies</strong></span> <span class='ocrx_word' id='word_1_148' title='bbox 783 1560 834 1625; x_wconf 65' lang='lat' dir='ltr'><strong>bas·</strong></span> 
     </span>
     <span class='ocr_line' id='line_1_23' title="bbox 170 1625 833 1687; baseline -0.003 -16"><span class='ocrx_word' id='word_1_149' title='bbox 170 1627 212 1671; x_wconf 88' lang='lat' dir='ltr'><strong>tati</strong></span> <span class='ocrx_word' id='word_1_150' title='bbox 222 1633 293 1678; x_wconf 70' lang='lat' dir='ltr'><strong>eranb</strong></span> <span class='ocrx_word' id='word_1_151' title='bbox 304 1626 410 1687; x_wconf 83' lang='lat' dir='ltr'><strong>manipuli</strong></span> <span class='ocrx_word' id='word_1_152' title='bbox 420 1626 552 1687; x_wconf 83' lang='lat' dir='ltr'><strong>quindecim,</strong></span> <span class='ocrx_word' id='word_1_153' title='bbox 566 1625 672 1671; x_wconf 71' lang='lat' dir='ltr'><strong>timores</strong></span> <span class='ocrx_word' id='word_1_154' title='bbox 681 1625 740 1671; x_wconf 83' lang='lat' dir='ltr'><strong>inter</strong></span> <span class='ocrx_word' id='word_1_155' title='bbox 749 1639 775 1670; x_wconf 90' lang='lat' dir='ltr'><strong>se</strong></span> <span class='ocrx_word' id='word_1_156' title='bbox 785 1638 833 1669; x_wconf 84' lang='lat' dir='ltr'><strong>mo-</strong></span> 
     </span>
     <span class='ocr_line' id='line_1_24' title="bbox 170 1688 834 1751; baseline 0.003 -18"><span class='ocrx_word' id='word_1_157' title='bbox 170 1688 245 1734; x_wconf 87' lang='lat' dir='ltr'><strong>dicum</strong></span> <span class='ocrx_word' id='word_1_158' title='bbox 254 1690 347 1750; x_wconf 86' lang='lat' dir='ltr'><strong>spatium</strong></span> <span class='ocrx_word' id='word_1_159' title='bbox 355 1708 360 1734; x_wconf 79' lang='lat' dir='ltr'><strong>r</strong></span> <span class='ocrx_word' id='word_1_160' title='bbox 374 1690 499 1751; x_wconf 87' lang='lat' dir='ltr'><strong>manipulus</strong></span> <span class='ocrx_word' id='word_1_161' title='bbox 505 1690 567 1736; x_wconf 83' lang='lat' dir='ltr'><strong>leves</strong></span> <span class='ocrx_word' id='word_1_162' title='bbox 574 1689 665 1735; x_wconf 80' lang='lat' dir='ltr'><strong>vicenos</strong></span> <span class='ocrx_word' id='word_1_163' title='bbox 672 1688 760 1741; x_wconf 79' lang='lat' dir='ltr'><strong>milites,</strong></span> <span class='ocrx_word' id='word_1_164' title='bbox 770 1688 834 1735; x_wconf 86' lang='lat' dir='ltr'><strong>aliam</strong></span> 
     </span>
     <span class='ocr_line' id='line_1_25' title="bbox 170 1753 834 1814; baseline 0.002 -17"><span class='ocrx_word' id='word_1_165' title='bbox 170 1754 257 1798; x_wconf 80' lang='lat' dir='ltr'><strong>turbem</strong></span> <span class='ocrx_word' id='word_1_166' title='bbox 269 1760 404 1801; x_wconf 80' lang='lat' dir='ltr'><strong>scutatorum</strong></span> <span class='ocrx_word' id='word_1_167' title='bbox 415 1754 520 1801; x_wconf 78' lang='lat' dir='ltr'><strong>habebat:</strong></span> <span class='ocrx_word' id='word_1_168' title='bbox 537 1754 599 1800; x_wconf 82' lang='lat' dir='ltr'><strong>leves</strong></span> <span class='ocrx_word' id='word_1_169' title='bbox 605 1762 687 1806; x_wconf 86' lang='lat' dir='ltr'><strong>autern,</strong></span> <span class='ocrx_word' id='word_1_170' title='bbox 699 1753 737 1814; x_wconf 88' lang='lat' dir='ltr'><strong>qui</strong></span> <span class='ocrx_word' id='word_1_171' title='bbox 748 1754 834 1799; x_wconf 81' lang='lat' dir='ltr'><strong>hastam</strong></span> 
     </span>
     <span class='ocr_line' id='line_1_26' title="bbox 171 1816 835 1879; baseline 0 -16"><span class='ocrx_word' id='word_1_172' title='bbox 171 1822 259 1863; x_wconf 71' lang='lat' dir='ltr'><strong>tantum</strong></span> <span class='ocrx_word' id='word_1_173' title='bbox 271 1832 376 1877; x_wconf 72' lang='lat' dir='ltr'><strong>gaesaque</strong></span> <span class='ocrx_word' id='word_1_174' title='bbox 389 1825 500 1877; x_wconf 83' lang='lat' dir='ltr'><strong>gererent,</strong></span> <span class='ocrx_word' id='word_1_175' title='bbox 517 1819 658 1865; x_wconf 76' lang='lat' dir='ltr'><strong>vocabantur.</strong></span> <span class='ocrx_word' id='word_1_176' title='bbox 693 1816 754 1863; x_wconf 75' lang='lat' dir='ltr'><strong>Haec</strong></span> <span class='ocrx_word' id='word_1_177' title='bbox 764 1818 835 1879; x_wconf 81' lang='lat' dir='ltr'><strong>prima</strong></span> 
     </span>
     <span class='ocr_line' id='line_1_27' title="bbox 169 1878 834 1944; baseline 0.003 -19"><span class='ocrx_word' id='word_1_178' title='bbox 169 1878 234 1926; x_wconf 84' lang='lat' dir='ltr'><strong>frons</strong></span> <span class='ocrx_word' id='word_1_179' title='bbox 248 1881 272 1925; x_wconf 91' lang='lat' dir='ltr'><strong>in</strong></span> <span class='ocrx_word' id='word_1_180' title='bbox 289 1881 336 1927; x_wconf 87' lang='lat' dir='ltr'><strong>acie</strong></span> <span class='ocrx_word' id='word_1_181' title='bbox 349 1880 427 1927; x_wconf 87' lang='lat' dir='ltr'><strong>florem</strong></span> <span class='ocrx_word' id='word_1_182' title='bbox 437 1882 548 1943; x_wconf 81' lang='lat' dir='ltr'><strong>juvenum</strong></span> <span class='ocrx_word' id='word_1_183' title='bbox 562 1882 728 1944; x_wconf 82' lang='lat' dir='ltr'><strong>pubescentium</strong></span> <span class='ocrx_word' id='word_1_184' title='bbox 738 1881 767 1928; x_wconf 88' lang='lat' dir='ltr'><strong>ad</strong></span> <span class='ocrx_word' id='word_1_185' title='bbox 776 1882 834 1927; x_wconf 85' lang='lat' dir='ltr'><strong>mili·</strong></span> 
     </span>
     <span class='ocr_line' id='line_1_28' title="bbox 171 1944 835 2007; baseline 0.005 -18"><span class='ocrx_word' id='word_1_186' title='bbox 171 1944 225 1990; x_wconf 89' lang='lat' dir='ltr'><strong>tiam</strong></span> <span class='ocrx_word' id='word_1_187' title='bbox 240 1945 338 1991; x_wconf 72' lang='lat' dir='ltr'><strong>babebat.</strong></span> <span class='ocrx_word' id='word_1_188' title='bbox 373 1944 496 1993; x_wconf 85' lang='lat' dir='ltr'><strong>Robustior</strong></span> <span class='ocrx_word' id='word_1_189' title='bbox 504 1947 557 1993; x_wconf 89' lang='lat' dir='ltr'><strong>inde</strong></span> <span class='ocrx_word' id='word_1_190' title='bbox 567 1954 622 1994; x_wconf 83' lang='lat' dir='ltr'><strong>aetaa</strong></span> <span class='ocrx_word' id='word_1_191' title='bbox 631 1946 724 1993; x_wconf 85' lang='lat' dir='ltr'><strong>totidem</strong></span> <span class='ocrx_word' id='word_1_192' title='bbox 734 1946 835 2007; x_wconf 85' lang='lat' dir='ltr'><strong>manipu-</strong></span> 
     </span>
     <span class='ocr_line' id='line_1_29' title="bbox 170 2006 833 2072; baseline 0.006 -19"><span class='ocrx_word' id='word_1_193' title='bbox 170 2008 251 2062; x_wconf 88' lang='lat' dir='ltr'><strong>lorum,</strong></span> <span class='ocrx_word' id='word_1_194' title='bbox 261 2006 339 2069; x_wconf 86' lang='lat' dir='ltr'><strong>qnlbua</strong></span> <span class='ocrx_word' id='word_1_195' title='bbox 346 2010 481 2072; x_wconf 85' lang='lat' dir='ltr'><strong>principrbus</strong></span> <span class='ocrx_word' id='word_1_196' title='bbox 487 2019 523 2057; x_wconf 85' lang='lat' dir='ltr'><strong>est</strong></span> <span class='ocrx_word' id='word_1_197' title='bbox 530 2027 619 2065; x_wconf 84' lang='lat' dir='ltr'><strong>nomen,</strong></span> <span class='ocrx_word' id='word_1_198' title='bbox 629 2012 670 2057; x_wconf 92' lang='lat' dir='ltr'><strong>bos</strong></span> <span class='ocrx_word' id='word_1_199' title='bbox 680 2012 833 2072; x_wconf 83' lang='lat' dir='ltr'><strong>sequebantur,</strong></span> 
     </span>
     <span class='ocr_line' id='line_1_30' title="bbox 172 2074 835 2137; baseline 0.003 -18"><span class='ocrx_word' id='word_1_200' title='bbox 172 2074 252 2119; x_wconf 85' lang='lat' dir='ltr'><strong>scutati</strong></span> <span class='ocrx_word' id='word_1_201' title='bbox 270 2088 353 2127; x_wconf 85' lang='lat' dir='ltr'><strong>omnes,</strong></span> <span class='ocrx_word' id='word_1_202' title='bbox 370 2074 495 2137; x_wconf 83' lang='lat' dir='ltr'><strong>insignibus</strong></span> <span class='ocrx_word' id='word_1_203' title='bbox 508 2078 604 2123; x_wconf 82' lang='lat' dir='ltr'><strong>maxime</strong></span> <span class='ocrx_word' id='word_1_204' title='bbox 617 2076 692 2122; x_wconf 84' lang='lat' dir='ltr'><strong>armis.</strong></span> <span class='ocrx_word' id='word_1_205' title='bbox 727 2074 782 2121; x_wconf 85' lang='lat' dir='ltr'><strong>Hoc</strong></span> <span class='ocrx_word' id='word_1_206' title='bbox 795 2075 835 2121; x_wconf 90' lang='lat' dir='ltr'><strong>tri-</strong></span> 
     </span>
     <span class='ocr_line' id='line_1_31' title="bbox 172 2138 833 2201; baseline 0.012 -18"><span class='ocrx_word' id='word_1_207' title='bbox 172 2138 236 2201; x_wconf 75' lang='lat' dir='ltr'><strong>ginta</strong></span> <span class='ocrx_word' id='word_1_208' title='bbox 256 2138 417 2200; x_wconf 75' lang='lat' dir='ltr'><strong>manipulorum</strong></span> <span class='ocrx_word' id='word_1_209' title='bbox 436 2155 518 2201; x_wconf 80' lang='lat' dir='ltr'><strong>agmen</strong></span> <span class='ocrx_word' id='word_1_210' title='bbox 536 2140 673 2201; x_wconf 79' lang='lat' dir='ltr'><strong>antepilanos</strong></span> <span class='ocrx_word' id='word_1_211' title='bbox 691 2139 833 2201; x_wconf 58' lang='lat' dir='ltr'><strong>appellabant,</strong></span> 
     </span>
     <span class='ocr_line' id='line_1_32' title="bbox 171 2203 832 2265; baseline 0 -16"><span class='ocrx_word' id='word_1_212' title='bbox 171 2203 224 2263; x_wconf 87' lang='lat' dir='ltr'><strong>quia</strong></span> <span class='ocrx_word' id='word_1_213' title='bbox 234 2204 274 2249; x_wconf 82' lang='lat' dir='ltr'><strong>snb</strong></span> <span class='ocrx_word' id='word_1_214' title='bbox 282 2204 405 2265; x_wconf 78' lang='lat' dir='ltr'><strong>signisjam</strong></span> <span class='ocrx_word' id='word_1_215' title='bbox 416 2204 452 2249; x_wconf 92' lang='lat' dir='ltr'><strong>alii</strong></span> <span class='ocrx_word' id='word_1_216' title='bbox 463 2204 587 2265; x_wconf 71' lang='lat' dir='ltr'><strong>qaindecim</strong></span> <span class='ocrx_word' id='word_1_217' title='bbox 595 2205 684 2251; x_wconf 83' lang='lat' dir='ltr'><strong>ordines</strong></span> <span class='ocrx_word' id='word_1_218' title='bbox 691 2204 832 2251; x_wconf 79' lang='lat' dir='ltr'><strong>locabantur:</strong></span> 
     </span>
     <span class='ocr_line' id='line_1_33' title="bbox 172 2255 832 2330; baseline 0 -17"><span class='ocrx_word' id='word_1_219' title='bbox 172 2282 201 2313; x_wconf 90' lang='lat' dir='ltr'><strong>ex</strong></span> <span class='ocrx_word' id='word_1_220' title='bbox 222 2255 300 2329; x_wconf 88' lang='lat' dir='ltr'><strong>quibus</strong></span> <span class='ocrx_word' id='word_1_221' title='bbox 320 2268 376 2314; x_wconf 90' lang='lat' dir='ltr'><strong>ordo</strong></span> <span class='ocrx_word' id='word_1_222' title='bbox 397 2270 547 2330; x_wconf 80' lang='lat' dir='ltr'><strong>unusquisque</strong></span> <span class='ocrx_word' id='word_1_223' title='bbox 567 2277 614 2316; x_wconf 83' lang='lat' dir='ltr'><strong>tras</strong></span> <span class='ocrx_word' id='word_1_224' title='bbox 633 2276 708 2330; x_wconf 83' lang='lat' dir='ltr'><strong>partes</strong></span> <span class='ocrx_word' id='word_1_225' title='bbox 728 2269 832 2314; x_wconf 78' lang='lat' dir='ltr'><strong>habebats</strong></span> 
     </span>
     <span class='ocr_line' id='line_1_34' title="bbox 168 2331 836 2459; baseline -0.001 -16"><span class='ocrx_word' id='word_1_226' title='bbox 168 2331 836 2459; x_wconf 24' lang='lat' dir='ltr'><strong>utititffltttttfftttttlbtffittiffi</strong></span> 
     </span>
     <span class='ocr_line' id='line_1_35' title="bbox 173 2460 832 2514; baseline 0.002 -9"><span class='ocrx_word' id='word_1_227' title='bbox 173 2461 273 2507; x_wconf 80' lang='lat' dir='ltr'><strong>homines</strong></span> <span class='ocrx_word' id='word_1_228' title='bbox 287 2470 356 2508; x_wconf 87' lang='lat' dir='ltr'><strong>erant.</strong></span> <span class='ocrx_word' id='word_1_229' title='bbox 392 2461 494 2508; x_wconf 83' lang='lat' dir='ltr'><strong>Primum</strong></span> <span class='ocrx_word' id='word_1_230' title='bbox 510 2462 617 2509; x_wconf 83' lang='lat' dir='ltr'><strong>vexillum</strong></span> <span class='ocrx_word' id='word_1_231' title='bbox 633 2464 721 2510; x_wconf 84' lang='lat' dir='ltr'><strong>triarios</strong></span> <span class='ocrx_word' id='word_1_232' title='bbox 735 2460 832 2514; x_wconf 80' lang='lat' dir='ltr'><strong>ducebat,</strong></span> 
     </span>
     <span class='ocr_line' id='line_1_36' title="bbox 173 2524 847 2587; baseline 0.003 -18"><span class='ocrx_word' id='word_1_233' title='bbox 173 2532 301 2571; x_wconf 69' lang='lat' dir='ltr'><strong>colmanum</strong></span> <span class='ocrx_word' id='word_1_234' title='bbox 316 2526 409 2573; x_wconf 90' lang='lat' dir='ltr'><strong>militem</strong></span> <span class='ocrx_word' id='word_1_235' title='bbox 424 2534 530 2587; x_wconf 72' lang='lat' dir='ltr'><strong>spectatae</strong></span> <span class='ocrx_word' id='word_1_236' title='bbox 543 2527 645 2572; x_wconf 82' lang='lat' dir='ltr'><strong>virtutis:</strong></span> <span class='ocrx_word' id='word_1_237' title='bbox 664 2524 787 2572; x_wconf 78' lang='lat' dir='ltr'><strong>sonandum</strong></span> <span class='ocrx_word' id='word_1_238' title='bbox 801 2540 847 2585; x_wconf 45' lang='lat' dir='ltr'><strong>rog</strong></span> 
     </span>
     <span class='ocr_line' id='line_1_37' title="bbox 174 2588 835 2648; baseline 0.003 -15"><span class='ocrx_word' id='word_1_239' title='bbox 174 2588 249 2642; x_wconf 85' lang='lat' dir='ltr'><strong>rarios,</strong></span> <span class='ocrx_word' id='word_1_240' title='bbox 267 2590 340 2636; x_wconf 86' lang='lat' dir='ltr'><strong>minus</strong></span> <span class='ocrx_word' id='word_1_241' title='bbox 359 2590 443 2635; x_wconf 86' lang='lat' dir='ltr'><strong>roboris</strong></span> <span class='ocrx_word' id='word_1_242' title='bbox 462 2596 528 2636; x_wconf 69' lang='lat' dir='ltr'><strong>ente</strong></span> <span class='ocrx_word' id='word_1_243' title='bbox 544 2589 666 2648; x_wconf 81' lang='lat' dir='ltr'><strong>factisque:</strong></span> <span class='ocrx_word' id='word_1_244' title='bbox 691 2589 782 2635; x_wconf 77' lang='lat' dir='ltr'><strong>tertium</strong></span> <span class='ocrx_word' id='word_1_245' title='bbox 799 2604 835 2635; x_wconf 85' lang='lat' dir='ltr'><strong>ao·</strong></span> 
     </span>
     <span class='ocr_line' id='line_1_38' title="bbox 172 2652 834 2714; baseline 0.009 -17"><span class='ocrx_word' id='word_1_246' title='bbox 172 2664 259 2707; x_wconf 80' lang='lat' dir='ltr'><strong>censos,</strong></span> <span class='ocrx_word' id='word_1_247' title='bbox 271 2654 370 2701; x_wconf 81' lang='lat' dir='ltr'><strong>mirrimae</strong></span> <span class='ocrx_word' id='word_1_248' title='bbox 379 2652 467 2701; x_wconf 74' lang='lat' dir='ltr'><strong>fidudae</strong></span> <span class='ocrx_word' id='word_1_249' title='bbox 474 2666 578 2699; x_wconf 73' lang='lat' dir='ltr'><strong>manum</strong></span> <span class='ocrx_word' id='word_1_250' title='bbox 597 2666 625 2699; x_wconf 84' lang='lat' dir='ltr'><strong>eo</strong></span> <span class='ocrx_word' id='word_1_251' title='bbox 635 2652 693 2700; x_wconf 81' lang='lat' dir='ltr'><strong>etin</strong></span> <span class='ocrx_word' id='word_1_252' title='bbox 702 2660 834 2714; x_wconf 67' lang='lat' dir='ltr'><strong>postrenum</strong></span> 
     </span>
    </p>
   </div>
   <div class='ocr_carea' id='block_1_3' title="bbox 0 0 915 2950">
    <p class='ocr_par' dir='ltr' id='par_1_4' title="bbox 0 0 915 2950">
     <span class='ocr_line' id='line_1_39' title="bbox 0 0 915 2950; baseline 0 0"><span class='ocrx_word' id='word_1_253' title='bbox 0 0 915 2950; x_wconf 95' lang='lat' dir='ltr'><strong> </strong></span> 
     </span>
    </p>
   </div>
  </div>
 </body>
</html>
