1809 2950
193 151 222 200 r.
238 129 326 200 mvn
343 153 396 200 na.
412 153 514 201 xxun
534 152 594 204 cn».
608 158 649 204 aa
716 115 767 204 ns

5 324 8 341 ,
81 283 210 347 praedantes
220 284 298 346 vagari
307 284 332 330 in
340 300 410 346 agro:
432 285 478 338 ssd,
490 284 528 345 qui
539 293 649 347 pugnent,
661 301 763 336 marcere

84 347 201 410 campana
210 347 306 404 luxurii,
319 350 372 396 rino
384 357 407 397 et
418 350 505 403 scortis,
523 351 670 411 omnibusque
684 352 760 398 lustris

82 431 123 477 per
139 421 210 460 totam
226 415 323 475 hiemem
338 414 459 461 conlectos.
489 415 571 461 Abisse
587 415 647 462 illam
664 417 710 462 v'im
726 417 761 462 vi-

82 495 214 542 goremque,
224 480 307 540 dilapsa
315 495 365 526 esse
372 481 452 526 robora
458 496 576 541 corporum
583 481 759 541 animorumque,

81 545 164 606 quibus
181 543 286 604 Pyrenaei
305 545 442 606 Alpiumque
457 552 559 606 superata
576 546 620 591 sint
633 547 704 608 juga:
724 563 761 593 re·

81 611 162 671 liquias
178 609 267 655 illorum
284 609 391 663 virorum,
409 611 448 658 vix
465 625 527 659 arma
539 611 682 671 membraque
693 612 761 657 susti-

82 683 169 730 nentes,
182 670 289 736 pugnara
321 673 421 736 Capuam
434 675 557 721 Hannibali
569 673 659 723 Cannas
676 675 758 722 fuisse:

81 741 112 788 ibi
132 741 238 786 virtutem
255 740 364 793 bellicam,
384 741 412 786 ibi
429 741 548 787 militarem
568 740 713 801 disciplinam,
730 742 760 787 ibi

80 805 190 868 praeteriti
198 806 305 867 temporis
313 805 402 858 famam,
412 805 441 851 ibi
450 821 512 866 spem
522 805 590 852 futuri
599 805 760 852 exstinctam.’'

81 869 144 920 Cum
162 871 210 915 haec
225 871 378 931 exprobrando
395 870 453 916 hosti
463 870 587 917 Marcellus
598 885 689 917 suorum
701 870 760 916 mili-

80 945 132 984 tum
140 935 226 981 animos
233 935 336 996 erigeret,
350 932 464 981 Hanniba]
477 936 549 980 multo
559 937 699 995 gravioribus
709 931 761 996 pro-¹

79 1002 128 1049 bris
145 1000 283 1061 increpabat:
304 1007 320 1029 “
332 1000 404 1046 Arma
415 1001 523 1060 signaque
534 1000 611 1047 eadem
623 1016 647 1046 se
658 1016 758 1054 noscere,

81 1081 135 1128 quae
144 1065 171 1112 ad
179 1064 284 1112 Trebiam
291 1064 501 1125 Trasimenumque,
509 1071 624 1126 postremo
630 1066 659 1110 ad
668 1064 759 1112 Canum

80 1131 163 1178 viderit
179 1131 337 1191 habueritque:
357 1130 451 1176 militem
463 1129 530 1175 alium
542 1127 643 1190 profecto
655 1131 713 1176 sein
724 1131 760 1176 hi-

80 1199 151 1244 berna
162 1192 263 1257 Capuam
276 1195 374 1250 duxisse,
391 1195 459 1241 aliurn
472 1195 525 1240 inde
542 1194 652 1240 eduxisse.
683 1193 759 1256 Lega-

82 1269 162 1308 tumne
173 1259 302 1307 Romanum
319 1267 341 1306 et
351 1260 448 1322 legionis
464 1259 531 1306 unius
541 1266 608 1319 atque
620 1259 662 1305 alae
675 1274 759 1321 magno

81 1325 205 1374 certamine
215 1325 253 1371 vix
265 1326 364 1371 toleratis
374 1340 482 1386 pugnam,
492 1340 549 1385 quos
561 1324 621 1370 binae
635 1325 694 1370 acies
704 1339 759 1370 con-

82 1393 168 1440 sulares
195 1405 309 1450 nunquam
334 1389 506 1436 sustinuerunt?
534 1389 665 1442 Marcellus,
686 1390 760 1436 tirone

81 1458 152 1505 milite
171 1471 197 1503 ac
213 1455 309 1503 Nolanis
325 1455 433 1509 subsidiis,
452 1455 537 1501 inultus
556 1470 598 1501 nos
612 1455 660 1516 jam
678 1454 758 1501 iterum

80 1522 191 1571 lacessit?
216 1520 262 1577 Ubi
273 1522 310 1569 ille
321 1536 384 1568 meus
393 1521 458 1567 miles
469 1528 509 1574 est,
522 1520 561 1580 qui
572 1528 689 1582 erepto'ex
699 1535 758 1580 equo

82 1588 111 1637 C.
122 1587 233 1635 Flaminio
245 1587 331 1633 consuli
342 1593 409 1647 caput
417 1584 526 1631 abstulit?
544 1585 588 1638 ubi,
608 1585 647 1645 qui
658 1584 687 1630 L.
697 1583 759 1631 Pau-

80 1655 129 1702 lum
151 1653 180 1699 ad
197 1650 288 1700 Cannas
305 1651 403 1697 occidit?
429 1650 525 1697 Ferrum
545 1665 606 1696 nunc
627 1650 711 1695 hebet?
728 1665 758 1695 an

81 1720 168 1767 dextrae
189 1716 299 1779 torpent?
321 1732 350 1763 an
367 1716 420 1777 quid
435 1716 532 1777 prodigii
549 1722 584 1761 est
605 1714 682 1762 aliud?
710 1714 758 1767 Qui
777 1756 780 1763 ,

78 1783 145 1848 pauci
162 1783 236 1845 plures
252 1782 343 1829 vincere
356 1782 414 1827 soliti
434 1781 495 1833 estis,
513 1795 573 1826 nunc
589 1780 666 1840 paucis
683 1780 759 1841 plures

39 1867 50 1881 =
79 1851 121 1897 vix
149 1848 244 1895 restatis.
279 1846 378 1899 Romam
401 1861 443 1892 vos
465 1851 640 1907 expugnaturos,
667 1845 687 1891 si
708 1845 758 1905 quis

80 1915 179 1967 duceret,
202 1911 272 1958 fortes
291 1908 375 1973 lingui,
389 1911 515 1971 jactabaris.
546 1910 585 1957 En
604 1924 665 1958 nuuc
684 1910 759 1957 minor

79 1987 116 2029 ast
134 1994 183 2025 res:
209 1977 246 2022 hic
265 1976 360 2039 experiri
378 1976 425 2023 vim
441 1976 594 2035 virtutemque
611 1976 672 2023 volo.
707 1975 758 2021 Ex-

79 2051 181 2109 pugnate
203 2040 294 2095 Nolam,
316 2048 463 2103 campestrem
482 2041 567 2093 urbem,
591 2055 637 2086 non
656 2038 756 2093 flumine,

80 2126 127 2159 non
147 2106 204 2154 mari
221 2112 322 2168 septam:
341 2108 394 2159 hino
411 2122 453 2153 vos
470 2120 500 2151 ex
518 2112 565 2152 tam
583 2102 688 2166 opulentia
705 2105 759 2151 urbe

80 2171 158 2239 praedi
174 2172 295 2237 spoliisque
308 2178 401 2225 onustos
415 2171 452 2221 vel
463 2170 551 2224 ducam,
565 2184 611 2230 quo
621 2169 709 2221 voletis,
722 2168 759 2215 vel

82 2254 213 2350 seqlilll'I.
234 2300 286 2349 Nec
302 2302 359 2349 bene
375 2316 417 2349 nea
433 2299 492 2347 maie
508 2298 568 2345 dieta
583 2296 716 2358 profuerunt
730 2297 759 2346 ad

81 2366 248 2419 confirmandos
264 2369 359 2417 animos.
391 2364 451 2415 Cum
469 2362 531 2413 omni
541 2370 605 2424 parte
614 2362 756 2424 pellerentur,
790 2410 793 2418 ἱ

80 2432 238 2493 Romanisque
255 2438 380 2479 crescerent
395 2430 472 2484 animi,
491 2443 538 2475 non
556 2427 613 2474 duce
628 2428 701 2473 solum
718 2426 758 2472 ad-

81 2502 193 2552 hortante,
215 2496 255 2543 sed
269 2496 365 2545 Nolanis
381 2497 448 2543 etiam
467 2510 507 2556 per
526 2484 654 2546 clamorem,
673 2490 758 2539 favoris

79 2565 186 2618 indicem,
204 2561 375 2609 accendentibus
388 2562 491 2608 ardorem
505 2573 597 2624 pugnae,
615 2564 679 2618 terga
690 2554 758 2623 Poeni

81 2630 199 2684 dederunt,
216 2632 283 2687 atque
299 2627 322 2676 in
339 2633 412 2675 castra
433 2624 543 2686 compulsi
563 2629 628 2671 sunt:
647 2636 698 2683 quaa
717 2635 759 2682 op·

458 2693 534 2735 aas
