1809 2950
212 128 343 180 1¹.le
358 131 411 181 las
427 132 474 182 lx.
493 133 552 184 cas.
566 140 606 183 aa
698 139 744 184 rsa
824 129 826 138 “

70 268 111 308 aut
125 260 218 322 integra
231 262 256 307 ln
265 269 398 324 poenatem
408 261 498 310 venere.
533 261 579 312 Per
589 263 646 312 idem
657 272 747 328 tempus

69 333 94 372 ct
108 325 191 372 clasma
202 325 330 374 Romanas
345 325 372 374 P.
387 325 501 382 Cornelio,
520 343 587 388 quem
598 335 688 376 senatus
698 345 745 376 ma-

70 391 155 436 ritimae
171 405 220 436 orae
230 390 366 452 praefecerat,
381 393 404 437 in
416 390 563 454 Campaniam
574 389 630 447 acta,
646 408 698 440 cum
709 408 747 456 ap-

68 455 137 515 pulsa
151 453 274 516 Pompeios
290 464 364 512 esset3
380 457 433 502 sodi
447 455 500 504 inde
510 457 600 504 navales
611 457 638 504 ad
649 457 748 520 depopu-

69 519 164 565 landum
180 535 261 581 agrum
276 519 415 566 Nucerinum
429 521 529 583 proiecti,
547 522 656 586 proximis
667 522 746 584 raptim

70 584 175 637 vastatis,
194 583 253 630 unde
264 584 347 631 reditus
362 594 423 632 tutus
434 585 462 632 ad
473 601 541 634 naves
552 595 619 642 esset,
632 585 748 634 dulcedine

71 648 111 757 βα
130 645 168 708 fit)
188 649 272 710 praedae
290 649 380 711 longius
398 651 517 713 progressi,
533 647 641 698 'excivire
660 651 744 700 hostes

92 712 158 760 alatis
176 728 217 774 per
233 728 300 774 agros
317 728 384 760 nemo
400 715 478 761 obvius
493 715 543 770 fuir,
563 731 613 762 curn
631 715 746 762 occidione

71 777 143 824 occidi
154 785 262 839 possent:
277 777 394 826 redeuntes
401 781 493 840 agmine
502 781 592 830 incauto
600 781 659 828 baud
669 781 750 842 procul

71 843 168 888 navibus
188 842 285 888 assecuti
303 851 404 905 agrestes
424 853 535 891 exuerunt
554 843 636 908 praedi,
660 852 746 906 partem

71 908 139 953 etiam
156 907 299 957 occiderunt:
320 922 371 968 quae
387 909 494 971 superfuit
509 909 564 956 caedi
586 910 671 972 trepida
684 909 744 956 mul·

70 970 152 1024 titudo,
170 971 199 1018 ad
215 969 285 1018 naves
301 973 416 1034 compulsa
431 981 473 1019 est.
510 971 622 1021 Profectio
640 974 672 1028 Q„
682 973 747 1022 Fabii

72 1042 134 1082 tram
150 1034 274 1083 Ciminiam
287 1037 366 1084 silvana
381 1045 488 1097 quantum
500 1039 583 1086 Romae
593 1049 701 1086 terrorem
711 1038 746 1086 se-

72 1108 140 1154 oerat,
158 1108 206 1146 tam
221 1100 296 1147 laetam
311 1101 394 1148 sarnam
408 1102 432 1147 in
446 1103 563 1150 Samnium
578 1103 606 1150 ad
619 1104 695 1150 hostes
709 1110 746 1149 tu

71 1165 144 1212 kat:
158 1165 304 1211 interclusum
313 1166 443 1212 Romanum
454 1168 578 1214 exercitum
589 1167 688 1221 obsideri,
701 1168 748 1214 cla·

72 1229 153 1290 disque
175 1230 297 1291 imaginem
319 1229 428 1278 Furculas
450 1230 563 1280 Caudinas
584 1233 743 1280 memorabant.

71 1293 163 1340 Eidem
173 1293 299 1341 temeritate
309 1295 396 1341 avidam
408 1297 537 1344 ulteriorum
548 1313 636 1359 semper
645 1304 745 1358 gentem,

71 1359 95 1404 in
103 1359 175 1406 saltus
183 1358 258 1405 invios
268 1358 392 1413 deductam,
410 1369 496 1422 septam
507 1377 553 1408 non
564 1362 662 1407 hostium
674 1360 747 1423 magis

71 1424 147 1477 armis,
165 1439 234 1487 quam
245 1423 346 1471 loconun
356 1425 513 1487 iniquitatibus,
532 1440 588 1472 esse.
623 1423 676 1472 Jam
689 1438 749 1485 gau·

73 1488 134 1536 dium
149 1487 235 1536 invidiis
249 1487 344 1549 quidam
357 1492 497 1543 miscebatur,
516 1488 576 1551 quod
586 1488 637 1535 beili
648 1486 747 1535 Romani

73 1554 141 1601 decus
155 1555 183 1603 ab
195 1554 332 1601 Samnitibus
341 1554 432 1601 fortuna
446 1553 475 1600 ad
488 1554 600 1601 Etruscos
615 1551 743 1600 avertisset:

73 1617 147 1680 itaque
165 1619 236 1665 armis
254 1620 350 1680 virisque
368 1619 397 1667 ad
415 1617 560 1665 obterendum
584 1615 611 1667 C.
632 1615 745 1663 Marcium

75 1684 190 1730 consulem
208 1691 359 1740 concurrunt;
381 1684 484 1745 protinus
502 1684 555 1729 inde
573 1682 688 1729 Etruriam
706 1698 746 1745 per

75 1747 167 1795 Marsos
177 1763 205 1794 ac
217 1748 311 1794 Sabinos
320 1749 417 1809 petituri,
435 1749 453 1794 si
465 1748 567 1795 Marcius
578 1747 694 1795 dimicandi
704 1764 746 1809 po-

74 1818 177 1860 testatem
196 1827 242 1858 non
258 1811 331 1859 faciat.
366 1812 452 1859 Obvius
469 1814 496 1859 iis
513 1812 592 1859 consui
605 1811 660 1859 suit:
680 1812 744 1859 dimi·

75 1875 148 1924 m'tum
165 1877 248 1939 proelio
263 1877 373 1937 utrimque
386 1879 463 1931 atroci,
480 1884 547 1939 atque
563 1878 648 1925 incerto
662 1885 745 1924 eventu

75 1950 121 1989 est:
140 1950 165 1989 et
178 1957 230 1988 cum
241 1956 324 2003 anceps
333 1943 406 1989 caedes
415 1942 500 2011 fuisset,
513 1943 617 1990 adversae
627 1951 702 1991 tamen
714 1942 745 1989 rei

73 2005 132 2054 fama
146 2008 171 2052 in
183 2006 301 2053 Romanos
311 2006 385 2059 vertit,
403 2008 431 2053 ob
441 2007 535 2055 amissos
545 2008 651 2069 quosdam
666 2022 746 2068 eques-

74 2071 114 2117 tris
130 2071 223 2124 ordinis,
241 2071 384 2130 tribunosque
400 2071 502 2126 militum,
520 2080 585 2135 atque
599 2088 668 2119 unum
683 2072 745 2133 lega·

74 2143 173 2198 tuimet
190 2135 263 2199 (quod
276 2134 364 2196 insigne
381 2136 477 2181 maxirrre
492 2135 546 2197 fuit)
565 2137 662 2185 concuba
676 2136 745 2197 ipsius

74 2200 164 2247 umus.
200 2198 238 2247 Ob
246 2200 303 2252 baec,
312 2199 378 2246 etiarn
387 2207 451 2247 aucta
461 2199 520 2247 fami
528 2204 564 2264 (ut
575 2198 652 2258 solet),
664 2200 746 2259 ingens

76 2272 146 2311 terror
164 2263 245 2311 Patres
263 2264 352 2316 invasit,
363 2265 365 2268 '
376 2264 551 2325 dictatoremque
569 2264 611 2309 dici
630 2262 744 2323 placebat3
818 2266 822 2271 ’

75 2344 123 2384 aec,
147 2329 202 2390 quin
222 2327 309 2377 Cursor
328 2327 429 2389 Papirius
448 2330 564 2380 diceretur,
588 2326 611 2370 in
633 2340 677 2385 quo
696 2333 744 2371 tum

75 2408 162 2440 summa
177 2393 210 2439 rei
223 2393 309 2439 bellicae
320 2394 447 2454 ponebatur,
466 2392 556 2439 dubium
568 2390 670 2448 cuiquam
681 2396 742 2440 erat:

74 2458 113 2505 sed
129 2474 172 2505 nec
187 2459 211 2503 in
227 2456 343 2506 Samnium
357 2460 462 2504 nuntium
476 2455 574 2518 perferri,
593 2453 695 2499 omnibus
708 2454 745 2499 in-

73 2522 143 2575 festis,
161 2531 212 2569 tuto
222 2538 296 2585 posse,
314 2538 355 2569 nec
363 2524 439 2569 rivere
450 2520 563 2568 Marcium
575 2516 696 2579 consulem,
709 2532 745 2563 sa-

75 2588 103 2634 t'u
118 2586 225 2634 lidebant.
259 2587 327 2635 Alter
341 2587 420 2634 consul
434 2584 518 2631 Fabius
534 2582 628 2629 infestus
641 2582 744 2643 privatim

76 2650 166 2719 Papirio
180 2659 243 2701 erat:
261 2667 313 2714 quse
327 2666 357 2699 ne
371 2653 404 2699 ira
419 2650 517 2697 obstaret
530 2649 589 2695 bono
602 2646 695 2711 publico,
712 2647 746 2693 le-
